timestamp,symbol,bid,ask,spread,volume,time_msc
2026-01-27 03:41:35,EURUSD.s,1.18822,1.18852,0.00029999999999996696,0,1769460095576
2026-01-27 03:49:26,EURUSD.s,1.18818,1.18848,0.00029999999999996696,0,1769460566020
2026-01-27 03:50:00,EURUSD.s,1.18809,1.18839,0.00029999999999996696,0,1769460600885
2026-01-27 03:51:00,EURUSD.s,1.18805,1.18835,0.00029999999999996696,0,1769460660643
2026-01-27 03:51:59,EURUSD.s,1.18799,1.18829,0.00029999999999996696,0,1769460719167
2026-01-27 04:03:57,EURUSD.s,1.18735,1.18765,0.000300000000000189,0,1769461437390
2026-01-27 04:03:57,EURUSD.s,1.18735,1.18765,0.000300000000000189,0,1769461437846
2026-01-27 04:03:58,EURUSD.s,1.18735,1.18765,0.000300000000000189,0,1769461438513
2026-01-27 04:03:59,EURUSD.s,1.18731,1.18761,0.00029999999999996696,0,1769461439063
2026-01-27 04:03:59,EURUSD.s,1.18732,1.18762,0.00029999999999996696,0,1769461439240
2026-01-27 04:04:00,EURUSD.s,1.18733,1.18763,0.00029999999999996696,0,1769461440243
2026-01-27 04:04:00,EURUSD.s,1.18731,1.18761,0.00029999999999996696,0,1769461440789
2026-01-27 04:04:01,EURUSD.s,1.1873,1.1876,0.00029999999999996696,0,1769461441388
2026-01-27 04:04:01,EURUSD.s,1.18728,1.18758,0.000300000000000189,0,1769461441829
2026-01-27 04:04:02,EURUSD.s,1.18729,1.18759,0.00029999999999996696,0,1769461442504
2026-01-27 04:04:02,EURUSD.s,1.18728,1.18758,0.000300000000000189,0,1769461442931
2026-01-27 04:04:03,EURUSD.s,1.18729,1.18759,0.00029999999999996696,0,1769461443627
2026-01-27 04:04:03,EURUSD.s,1.18729,1.18759,0.00029999999999996696,0,1769461443627
2026-01-27 04:04:04,EURUSD.s,1.18729,1.18759,0.00029999999999996696,0,1769461444692
2026-01-27 04:04:04,EURUSD.s,1.18728,1.18758,0.000300000000000189,0,1769461444968
2026-01-27 04:04:05,EURUSD.s,1.18728,1.18758,0.000300000000000189,0,1769461445794
2026-01-27 04:04:05,EURUSD.s,1.18728,1.18758,0.000300000000000189,0,1769461445794
2026-01-27 04:04:06,EURUSD.s,1.18729,1.18759,0.00029999999999996696,0,1769461446975
2026-01-27 04:04:07,EURUSD.s,1.18726,1.18756,0.00029999999999996696,0,1769461447379
2026-01-27 04:04:08,EURUSD.s,1.18726,1.18756,0.00029999999999996696,0,1769461448169
2026-01-27 04:04:08,EURUSD.s,1.18727,1.18757,0.00029999999999996696,0,1769461448271
2026-01-27 04:04:09,EURUSD.s,1.18726,1.18756,0.00029999999999996696,0,1769461449004
2026-01-27 04:04:09,EURUSD.s,1.18726,1.18756,0.00029999999999996696,0,1769461449709
2026-01-27 04:04:10,EURUSD.s,1.18726,1.18756,0.00029999999999996696,0,1769461450181
2026-01-27 04:04:10,EURUSD.s,1.18726,1.18756,0.00029999999999996696,0,1769461450812
2026-01-27 04:04:11,EURUSD.s,1.18726,1.18756,0.00029999999999996696,0,1769461451498
2026-01-27 04:04:12,EURUSD.s,1.18726,1.18756,0.00029999999999996696,0,1769461452031
2026-01-27 04:04:12,EURUSD.s,1.18725,1.1875499999999999,0.00029999999999996696,0,1769461452357
2026-01-27 04:04:12,EURUSD.s,1.18725,1.1875499999999999,0.00029999999999996696,0,1769461452357
2026-01-27 04:04:13,EURUSD.s,1.18725,1.1875499999999999,0.00029999999999996696,0,1769461453776
2026-01-27 04:04:13,EURUSD.s,1.18725,1.1875499999999999,0.00029999999999996696,0,1769461453776
2026-01-27 04:04:13,EURUSD.s,1.18725,1.1875499999999999,0.00029999999999996696,0,1769461453776
2026-01-27 04:04:13,EURUSD.s,1.18725,1.1875499999999999,0.00029999999999996696,0,1769461453776
2026-01-27 04:04:15,EURUSD.s,1.18724,1.18754,0.00029999999999996696,0,1769461455994
2026-01-27 04:04:16,EURUSD.s,1.18724,1.18754,0.00029999999999996696,0,1769461456445
2026-01-27 04:04:16,EURUSD.s,1.18724,1.18754,0.00029999999999996696,0,1769461456445
2026-01-27 04:04:16,EURUSD.s,1.18724,1.18754,0.00029999999999996696,0,1769461456445
2026-01-27 04:04:16,EURUSD.s,1.18724,1.18754,0.00029999999999996696,0,1769461456445
2026-01-27 04:04:16,EURUSD.s,1.18724,1.18754,0.00029999999999996696,0,1769461456445
2026-01-27 04:04:16,EURUSD.s,1.18724,1.18754,0.00029999999999996696,0,1769461456445
2026-01-27 04:04:16,EURUSD.s,1.18724,1.18754,0.00029999999999996696,0,1769461456445
2026-01-27 04:04:16,EURUSD.s,1.18724,1.18754,0.00029999999999996696,0,1769461456445
2026-01-27 04:04:20,EURUSD.s,1.18724,1.18754,0.00029999999999996696,0,1769461460568
2026-01-27 04:04:20,EURUSD.s,1.18724,1.18754,0.00029999999999996696,0,1769461460568
2026-01-27 04:04:21,EURUSD.s,1.18727,1.18757,0.00029999999999996696,0,1769461461837
2026-01-27 04:04:21,EURUSD.s,1.18727,1.18757,0.00029999999999996696,0,1769461461837
2026-01-27 04:04:21,EURUSD.s,1.18727,1.18757,0.00029999999999996696,0,1769461461837
2026-01-27 04:04:21,EURUSD.s,1.18727,1.18757,0.00029999999999996696,0,1769461461837
2026-01-27 04:04:21,EURUSD.s,1.18727,1.18757,0.00029999999999996696,0,1769461461837
2026-01-27 04:04:21,EURUSD.s,1.18727,1.18757,0.00029999999999996696,0,1769461461837
2026-01-27 04:04:21,EURUSD.s,1.18727,1.18757,0.00029999999999996696,0,1769461461837
2026-01-27 04:04:25,EURUSD.s,1.18726,1.18756,0.00029999999999996696,0,1769461465848
2026-01-27 04:04:26,EURUSD.s,1.1873,1.1876,0.00029999999999996696,0,1769461466654
2026-01-27 04:04:26,EURUSD.s,1.1873,1.1876,0.00029999999999996696,0,1769461466654
2026-01-27 04:04:26,EURUSD.s,1.1873,1.1876,0.00029999999999996696,0,1769461466654
2026-01-27 04:04:27,EURUSD.s,1.18733,1.18763,0.00029999999999996696,0,1769461467943
2026-01-27 04:04:27,EURUSD.s,1.18733,1.18763,0.00029999999999996696,0,1769461467943
2026-01-27 04:04:29,EURUSD.s,1.18734,1.18764,0.00029999999999996696,0,1769461469488
2026-01-27 04:04:29,EURUSD.s,1.18734,1.18764,0.00029999999999996696,0,1769461469959
2026-01-27 04:04:30,EURUSD.s,1.18735,1.18765,0.000300000000000189,0,1769461470553
2026-01-27 04:04:30,EURUSD.s,1.18735,1.18765,0.000300000000000189,0,1769461470553
2026-01-27 04:04:31,EURUSD.s,1.18738,1.18768,0.00029999999999996696,0,1769461471345
2026-01-27 04:04:31,EURUSD.s,1.18738,1.18768,0.00029999999999996696,0,1769461471875
2026-01-27 04:04:31,EURUSD.s,1.18738,1.18768,0.00029999999999996696,0,1769461471875
2026-01-27 04:04:31,EURUSD.s,1.18738,1.18768,0.00029999999999996696,0,1769461471875
2026-01-27 04:04:31,EURUSD.s,1.18738,1.18768,0.00029999999999996696,0,1769461471875
2026-01-27 04:04:34,EURUSD.s,1.18747,1.18777,0.00029999999999996696,0,1769461474318
2026-01-27 04:04:35,EURUSD.s,1.18749,1.1877900000000001,0.000300000000000189,0,1769461475086
2026-01-27 04:04:35,EURUSD.s,1.18749,1.1877900000000001,0.000300000000000189,0,1769461475341
2026-01-27 04:04:36,EURUSD.s,1.18747,1.18777,0.00029999999999996696,0,1769461476137
2026-01-27 04:04:36,EURUSD.s,1.18747,1.18777,0.00029999999999996696,0,1769461476137
2026-01-27 04:04:37,EURUSD.s,1.18747,1.18777,0.00029999999999996696,0,1769461477191
2026-01-27 04:04:37,EURUSD.s,1.18747,1.18777,0.00029999999999996696,0,1769461477191
2026-01-27 04:04:37,EURUSD.s,1.18747,1.18777,0.00029999999999996696,0,1769461477191
2026-01-27 04:04:38,EURUSD.s,1.18747,1.18777,0.00029999999999996696,0,1769461478936
2026-01-27 04:04:38,EURUSD.s,1.18747,1.18777,0.00029999999999996696,0,1769461478936
2026-01-27 04:04:40,EURUSD.s,1.18748,1.18778,0.00029999999999996696,0,1769461480011
2026-01-27 04:04:40,EURUSD.s,1.18748,1.18778,0.00029999999999996696,0,1769461480011
2026-01-27 04:04:40,EURUSD.s,1.18748,1.18778,0.00029999999999996696,0,1769461480011
2026-01-27 04:04:41,EURUSD.s,1.18744,1.18774,0.00029999999999996696,0,1769461481869
2026-01-27 04:04:42,EURUSD.s,1.18744,1.18774,0.00029999999999996696,0,1769461482399
2026-01-27 04:04:42,EURUSD.s,1.18744,1.18774,0.00029999999999996696,0,1769461482399
2026-01-27 04:04:42,EURUSD.s,1.18744,1.18774,0.00029999999999996696,0,1769461482399
2026-01-27 04:04:44,EURUSD.s,1.18744,1.18774,0.00029999999999996696,0,1769461484488
2026-01-27 04:04:44,EURUSD.s,1.1874500000000001,1.18775,0.00029999999999996696,0,1769461484790
2026-01-27 04:04:45,EURUSD.s,1.18744,1.18774,0.00029999999999996696,0,1769461485256
2026-01-27 04:04:45,EURUSD.s,1.18744,1.18774,0.00029999999999996696,0,1769461485256
2026-01-27 04:04:45,EURUSD.s,1.18744,1.18774,0.00029999999999996696,0,1769461485256
2026-01-27 04:04:47,EURUSD.s,1.18744,1.18774,0.00029999999999996696,0,1769461487141
2026-01-27 04:04:47,EURUSD.s,1.18744,1.18774,0.00029999999999996696,0,1769461487141
2026-01-27 04:04:48,EURUSD.s,1.18744,1.18774,0.00029999999999996696,0,1769461488211
2026-01-27 04:04:48,EURUSD.s,1.18744,1.18774,0.00029999999999996696,0,1769461488989
2026-01-27 04:04:48,EURUSD.s,1.18744,1.18774,0.00029999999999996696,0,1769461488989
2026-01-27 04:04:49,EURUSD.s,1.18744,1.18774,0.00029999999999996696,0,1769461489777
2026-01-27 04:04:49,EURUSD.s,1.18744,1.18774,0.00029999999999996696,0,1769461489777
2026-01-27 04:04:50,EURUSD.s,1.18741,1.18771,0.00029999999999996696,0,1769461490940
2026-01-27 04:04:51,EURUSD.s,1.18737,1.18767,0.00029999999999996696,0,1769461491790
2026-01-27 04:04:51,EURUSD.s,1.18737,1.18767,0.00029999999999996696,0,1769461491790
2026-01-27 04:04:51,EURUSD.s,1.18737,1.18767,0.00029999999999996696,0,1769461491790
2026-01-27 04:04:53,EURUSD.s,1.1874,1.1877,0.00029999999999996696,0,1769461493471
2026-01-27 04:04:53,EURUSD.s,1.1874,1.1877,0.00029999999999996696,0,1769461493471
2026-01-27 04:04:54,EURUSD.s,1.1874,1.1877,0.00029999999999996696,0,1769461494242
2026-01-27 04:04:54,EURUSD.s,1.1874,1.1877,0.00029999999999996696,0,1769461494242
2026-01-27 04:04:54,EURUSD.s,1.1874,1.1877,0.00029999999999996696,0,1769461494242
2026-01-27 04:04:55,EURUSD.s,1.1874,1.1877,0.00029999999999996696,0,1769461495875
2026-01-27 04:04:56,EURUSD.s,1.18742,1.18772,0.000300000000000189,0,1769461496398
2026-01-27 04:04:57,EURUSD.s,1.18743,1.18773,0.00029999999999996696,0,1769461497749
2026-01-27 04:04:58,EURUSD.s,1.18743,1.18773,0.00029999999999996696,0,1769461498221
2026-01-27 04:04:58,EURUSD.s,1.18743,1.18773,0.00029999999999996696,0,1769461498478
2026-01-27 04:04:58,EURUSD.s,1.18743,1.18773,0.00029999999999996696,0,1769461498478
2026-01-27 04:05:00,EURUSD.s,1.18741,1.18771,0.00029999999999996696,0,1769461500051
2026-01-27 04:05:00,EURUSD.s,1.18741,1.18771,0.00029999999999996696,0,1769461500051
2026-01-27 04:05:00,EURUSD.s,1.18744,1.18774,0.00029999999999996696,0,1769461500904
2026-01-27 04:05:00,EURUSD.s,1.18744,1.18774,0.00029999999999996696,0,1769461500904
2026-01-27 04:05:01,EURUSD.s,1.18742,1.18772,0.000300000000000189,0,1769461501912
2026-01-27 04:05:02,EURUSD.s,1.18742,1.18772,0.000300000000000189,0,1769461502426
2026-01-27 04:05:03,EURUSD.s,1.18743,1.18773,0.00029999999999996696,0,1769461503454
2026-01-27 04:05:03,EURUSD.s,1.18741,1.18771,0.00029999999999996696,0,1769461503909
2026-01-27 04:05:04,EURUSD.s,1.1874500000000001,1.18775,0.00029999999999996696,0,1769461504350
2026-01-27 04:05:04,EURUSD.s,1.1874500000000001,1.18775,0.00029999999999996696,0,1769461504800
2026-01-27 04:05:05,EURUSD.s,1.18746,1.18776,0.00029999999999996696,0,1769461505692
2026-01-27 04:05:06,EURUSD.s,1.1874500000000001,1.18775,0.00029999999999996696,0,1769461506162
2026-01-27 04:05:06,EURUSD.s,1.18744,1.18774,0.00029999999999996696,0,1769461506782
2026-01-27 04:05:07,EURUSD.s,1.18744,1.18774,0.00029999999999996696,0,1769461507276
2026-01-27 04:05:07,EURUSD.s,1.1874500000000001,1.18775,0.00029999999999996696,0,1769461507914
2026-01-27 04:05:08,EURUSD.s,1.18746,1.18776,0.00029999999999996696,0,1769461508446
2026-01-27 04:05:09,EURUSD.s,1.1874500000000001,1.18775,0.00029999999999996696,0,1769461509034
2026-01-27 04:05:09,EURUSD.s,1.1874500000000001,1.18775,0.00029999999999996696,0,1769461509459
2026-01-27 04:05:10,EURUSD.s,1.18743,1.18773,0.00029999999999996696,0,1769461510108
2026-01-27 04:05:10,EURUSD.s,1.1874500000000001,1.18775,0.00029999999999996696,0,1769461510525
2026-01-27 04:05:11,EURUSD.s,1.1874500000000001,1.18775,0.00029999999999996696,0,1769461511205
2026-01-27 04:05:11,EURUSD.s,1.1874500000000001,1.18775,0.00029999999999996696,0,1769461511849
2026-01-27 04:05:12,EURUSD.s,1.1874500000000001,1.18775,0.00029999999999996696,0,1769461512273
2026-01-27 04:05:12,EURUSD.s,1.1874500000000001,1.18775,0.00029999999999996696,0,1769461512273
2026-01-27 04:05:13,EURUSD.s,1.1874500000000001,1.18775,0.00029999999999996696,0,1769461513064
2026-01-27 04:05:14,EURUSD.s,1.1874500000000001,1.18775,0.00029999999999996696,0,1769461514044
2026-01-27 04:05:14,EURUSD.s,1.1874500000000001,1.18775,0.00029999999999996696,0,1769461514628
2026-01-27 04:05:14,EURUSD.s,1.1874500000000001,1.18775,0.00029999999999996696,0,1769461514628
2026-01-27 04:05:14,EURUSD.s,1.1874500000000001,1.18775,0.00029999999999996696,0,1769461514628
2026-01-27 04:05:16,EURUSD.s,1.18749,1.1877900000000001,0.000300000000000189,0,1769461516223
2026-01-27 04:05:16,EURUSD.s,1.18749,1.1877900000000001,0.000300000000000189,0,1769461516587
2026-01-27 04:05:17,EURUSD.s,1.18749,1.1877900000000001,0.000300000000000189,0,1769461517151
2026-01-27 04:05:17,EURUSD.s,1.18749,1.1877900000000001,0.000300000000000189,0,1769461517720
2026-01-27 04:05:18,EURUSD.s,1.18751,1.18781,0.00029999999999996696,0,1769461518574
2026-01-27 04:05:18,EURUSD.s,1.18751,1.18781,0.00029999999999996696,0,1769461518574
2026-01-27 04:05:19,EURUSD.s,1.1875,1.1878,0.00029999999999996696,0,1769461519558
2026-01-27 04:05:20,EURUSD.s,1.1875,1.1878,0.00029999999999996696,0,1769461520286
2026-01-27 04:05:20,EURUSD.s,1.1875,1.1878,0.00029999999999996696,0,1769461520286
2026-01-27 04:05:20,EURUSD.s,1.1875,1.1878,0.00029999999999996696,0,1769461520286
2026-01-27 04:05:20,EURUSD.s,1.1875,1.1878,0.00029999999999996696,0,1769461520286
2026-01-27 04:05:22,EURUSD.s,1.18749,1.1877900000000001,0.000300000000000189,0,1769461522048
2026-01-27 04:05:22,EURUSD.s,1.18749,1.1877900000000001,0.000300000000000189,0,1769461522048
2026-01-27 04:05:22,EURUSD.s,1.18749,1.1877900000000001,0.000300000000000189,0,1769461522048
2026-01-27 04:05:24,EURUSD.s,1.18749,1.1877900000000001,0.000300000000000189,0,1769461524122
2026-01-27 04:05:24,EURUSD.s,1.18749,1.1877900000000001,0.000300000000000189,0,1769461524233
2026-01-27 04:05:25,EURUSD.s,1.18749,1.1877900000000001,0.000300000000000189,0,1769461525297
2026-01-27 04:05:25,EURUSD.s,1.18749,1.1877900000000001,0.000300000000000189,0,1769461525297
2026-01-27 04:05:25,EURUSD.s,1.18749,1.1877900000000001,0.000300000000000189,0,1769461525297
2026-01-27 04:05:25,EURUSD.s,1.18749,1.1877900000000001,0.000300000000000189,0,1769461525297
2026-01-27 04:05:25,EURUSD.s,1.18749,1.1877900000000001,0.000300000000000189,0,1769461525297
2026-01-27 04:05:28,EURUSD.s,1.18749,1.1877900000000001,0.000300000000000189,0,1769461528142
2026-01-27 04:05:28,EURUSD.s,1.18749,1.1877900000000001,0.000300000000000189,0,1769461528142
2026-01-27 04:05:28,EURUSD.s,1.18749,1.1877900000000001,0.000300000000000189,0,1769461528965
2026-01-27 04:05:28,EURUSD.s,1.18749,1.1877900000000001,0.000300000000000189,0,1769461528965
2026-01-27 04:05:30,EURUSD.s,1.18751,1.18781,0.00029999999999996696,0,1769461530348
2026-01-27 04:05:30,EURUSD.s,1.18751,1.18781,0.00029999999999996696,0,1769461530897
2026-01-27 04:05:31,EURUSD.s,1.18751,1.18781,0.00029999999999996696,0,1769461531236
2026-01-27 04:05:32,EURUSD.s,1.18751,1.18781,0.00029999999999996696,0,1769461532237
2026-01-27 04:05:32,EURUSD.s,1.18751,1.18781,0.00029999999999996696,0,1769461532512
2026-01-27 04:05:33,EURUSD.s,1.18752,1.1878199999999999,0.00029999999999996696,0,1769461533327
2026-01-27 04:05:33,EURUSD.s,1.18753,1.18783,0.00029999999999996696,0,1769461533767
2026-01-27 04:05:34,EURUSD.s,1.1875499999999999,1.18785,0.000300000000000189,0,1769461534479
2026-01-27 04:05:34,EURUSD.s,1.1875499999999999,1.18785,0.000300000000000189,0,1769461534814
2026-01-27 04:05:35,EURUSD.s,1.1875499999999999,1.18785,0.000300000000000189,0,1769461535361
2026-01-27 04:05:35,EURUSD.s,1.1875499999999999,1.18785,0.000300000000000189,0,1769461535361
2026-01-27 04:05:36,EURUSD.s,1.1875499999999999,1.18785,0.000300000000000189,0,1769461536779
2026-01-27 04:05:36,EURUSD.s,1.1875499999999999,1.18785,0.000300000000000189,0,1769461536882
2026-01-27 04:05:37,EURUSD.s,1.18757,1.18787,0.00029999999999996696,0,1769461537899
2026-01-27 04:05:38,EURUSD.s,1.18757,1.18787,0.00029999999999996696,0,1769461538415
2026-01-27 04:05:39,EURUSD.s,1.18757,1.18787,0.00029999999999996696,0,1769461539026
2026-01-27 04:05:39,EURUSD.s,1.18759,1.18789,0.00029999999999996696,0,1769461539601
2026-01-27 04:05:40,EURUSD.s,1.18759,1.18789,0.00029999999999996696,0,1769461540096
2026-01-27 04:05:40,EURUSD.s,1.1876,1.1879,0.00029999999999996696,0,1769461540608
2026-01-27 04:05:41,EURUSD.s,1.18762,1.18792,0.000300000000000189,0,1769461541078
2026-01-27 04:05:41,EURUSD.s,1.18762,1.18792,0.000300000000000189,0,1769461541787
2026-01-27 04:05:42,EURUSD.s,1.18763,1.18793,0.00029999999999996696,0,1769461542400
2026-01-27 04:05:42,EURUSD.s,1.18762,1.18792,0.000300000000000189,0,1769461542931
2026-01-27 04:05:43,EURUSD.s,1.18762,1.18792,0.000300000000000189,0,1769461543075
2026-01-27 04:05:44,EURUSD.s,1.18758,1.18788,0.00029999999999996696,0,1769461544124
2026-01-27 04:05:44,EURUSD.s,1.18758,1.18788,0.00029999999999996696,0,1769461544177
2026-01-27 04:05:45,EURUSD.s,1.18758,1.18788,0.00029999999999996696,0,1769461545143
2026-01-27 04:05:45,EURUSD.s,1.18758,1.18788,0.00029999999999996696,0,1769461545143
2026-01-27 04:05:46,EURUSD.s,1.18756,1.18786,0.00029999999999996696,0,1769461546410
2026-01-27 04:05:46,EURUSD.s,1.18756,1.18786,0.00029999999999996696,0,1769461546965
2026-01-27 04:05:47,EURUSD.s,1.18756,1.18786,0.00029999999999996696,0,1769461547061
2026-01-27 04:05:47,EURUSD.s,1.18756,1.18786,0.00029999999999996696,0,1769461547852
2026-01-27 04:05:48,EURUSD.s,1.18752,1.1878199999999999,0.00029999999999996696,0,1769461548591
2026-01-27 04:05:49,EURUSD.s,1.1875,1.1878,0.00029999999999996696,0,1769461549161
2026-01-27 04:05:49,EURUSD.s,1.1875,1.1878,0.00029999999999996696,0,1769461549721
2026-01-27 04:05:49,EURUSD.s,1.1875,1.1878,0.00029999999999996696,0,1769461549721
2026-01-27 04:05:50,EURUSD.s,1.1875,1.1878,0.00029999999999996696,0,1769461550401
2026-01-27 04:05:50,EURUSD.s,1.1875,1.1878,0.00029999999999996696,0,1769461550401
2026-01-27 04:05:50,EURUSD.s,1.1875,1.1878,0.00029999999999996696,0,1769461550401
2026-01-27 04:05:50,EURUSD.s,1.1875,1.1878,0.00029999999999996696,0,1769461550401
2026-01-27 04:05:53,EURUSD.s,1.18753,1.18783,0.00029999999999996696,0,1769461553161
2026-01-27 04:05:53,EURUSD.s,1.18753,1.18783,0.00029999999999996696,0,1769461553343
2026-01-27 04:05:54,EURUSD.s,1.18753,1.18783,0.00029999999999996696,0,1769461554210
2026-01-27 04:05:54,EURUSD.s,1.18753,1.18783,0.00029999999999996696,0,1769461554210
2026-01-27 04:05:55,EURUSD.s,1.18754,1.18784,0.00029999999999996696,0,1769461555258
2026-01-27 04:05:55,EURUSD.s,1.18756,1.18786,0.00029999999999996696,0,1769461555962
2026-01-27 04:05:56,EURUSD.s,1.18756,1.18786,0.00029999999999996696,0,1769461556484
2026-01-27 04:05:57,EURUSD.s,1.18756,1.18786,0.00029999999999996696,0,1769461557035
2026-01-27 04:05:57,EURUSD.s,1.18756,1.18786,0.00029999999999996696,0,1769461557188
2026-01-27 04:05:58,EURUSD.s,1.18756,1.18786,0.00029999999999996696,0,1769461558378
2026-01-27 04:05:59,EURUSD.s,1.18756,1.18786,0.00029999999999996696,0,1769461559406
2026-01-27 04:05:59,EURUSD.s,1.18756,1.18786,0.00029999999999996696,0,1769461559618
2026-01-27 04:06:00,EURUSD.s,1.18756,1.18786,0.00029999999999996696,0,1769461560236
2026-01-27 04:06:00,EURUSD.s,1.18756,1.18786,0.00029999999999996696,0,1769461560236
2026-01-27 04:06:01,EURUSD.s,1.18756,1.18786,0.00029999999999996696,0,1769461561676
2026-01-27 04:06:02,EURUSD.s,1.18753,1.18783,0.00029999999999996696,0,1769461562194
2026-01-27 04:06:02,EURUSD.s,1.18753,1.18783,0.00029999999999996696,0,1769461562401
2026-01-27 04:06:02,EURUSD.s,1.18753,1.18783,0.00029999999999996696,0,1769461562975
2026-01-27 04:06:04,EURUSD.s,1.18758,1.18788,0.00029999999999996696,0,1769461564198
2026-01-27 04:06:04,EURUSD.s,1.18758,1.18788,0.00029999999999996696,0,1769461564198
2026-01-27 04:06:05,EURUSD.s,1.18758,1.18788,0.00029999999999996696,0,1769461565302
2026-01-27 04:06:05,EURUSD.s,1.18758,1.18788,0.00029999999999996696,0,1769461565302
2026-01-27 04:06:06,EURUSD.s,1.1876,1.1879,0.00029999999999996696,0,1769461566906
2026-01-27 04:06:07,EURUSD.s,1.1876,1.1879,0.00029999999999996696,0,1769461567397
2026-01-27 04:06:08,EURUSD.s,1.18759,1.18789,0.00029999999999996696,0,1769461568574
2026-01-27 04:06:08,EURUSD.s,1.18759,1.18789,0.00029999999999996696,0,1769461568916
2026-01-27 04:06:09,EURUSD.s,1.18759,1.18789,0.00029999999999996696,0,1769461569666
2026-01-27 04:06:10,EURUSD.s,1.18757,1.18787,0.00029999999999996696,0,1769461570302
2026-01-27 04:06:10,EURUSD.s,1.18757,1.18787,0.00029999999999996696,0,1769461570675
2026-01-27 04:06:11,EURUSD.s,1.18756,1.18786,0.00029999999999996696,0,1769461571382
2026-01-27 04:06:11,EURUSD.s,1.18756,1.18786,0.00029999999999996696,0,1769461571886
2026-01-27 04:06:11,EURUSD.s,1.1875499999999999,1.18785,0.000300000000000189,0,1769461571993
2026-01-27 04:06:13,EURUSD.s,1.1875499999999999,1.18785,0.000300000000000189,0,1769461573013
2026-01-27 04:06:13,EURUSD.s,1.18754,1.18784,0.00029999999999996696,0,1769461573551
2026-01-27 04:06:14,EURUSD.s,1.18756,1.18786,0.00029999999999996696,0,1769461574181
2026-01-27 04:06:14,EURUSD.s,1.18756,1.18786,0.00029999999999996696,0,1769461574627
2026-01-27 04:06:14,EURUSD.s,1.18756,1.18786,0.00029999999999996696,0,1769461574627
2026-01-27 04:06:14,EURUSD.s,1.18756,1.18786,0.00029999999999996696,0,1769461574627
2026-01-27 04:06:14,EURUSD.s,1.18756,1.18786,0.00029999999999996696,0,1769461574627
2026-01-27 04:06:17,EURUSD.s,1.18751,1.18781,0.00029999999999996696,0,1769461577006
2026-01-27 04:06:17,EURUSD.s,1.18751,1.18781,0.00029999999999996696,0,1769461577554
2026-01-27 04:06:18,EURUSD.s,1.18751,1.18781,0.00029999999999996696,0,1769461578038
2026-01-27 04:06:18,EURUSD.s,1.18751,1.18781,0.00029999999999996696,0,1769461578537
2026-01-27 04:06:18,EURUSD.s,1.18751,1.18781,0.00029999999999996696,0,1769461578942
2026-01-27 04:06:18,EURUSD.s,1.18751,1.18781,0.00029999999999996696,0,1769461578942
2026-01-27 04:06:20,EURUSD.s,1.1875,1.1878,0.00029999999999996696,0,1769461580125
2026-01-27 04:06:20,EURUSD.s,1.1875,1.1878,0.00029999999999996696,0,1769461580895
2026-01-27 04:06:21,EURUSD.s,1.1875,1.1878,0.00029999999999996696,0,1769461581504
2026-01-27 04:06:21,EURUSD.s,1.18751,1.18781,0.00029999999999996696,0,1769461581741
2026-01-27 04:06:22,EURUSD.s,1.1875,1.1878,0.00029999999999996696,0,1769461582507
2026-01-27 04:06:22,EURUSD.s,1.18751,1.18781,0.00029999999999996696,0,1769461582811
2026-01-27 04:06:22,EURUSD.s,1.18751,1.18781,0.00029999999999996696,0,1769461582811
2026-01-27 04:06:23,EURUSD.s,1.1875,1.1878,0.00029999999999996696,0,1769461583871
2026-01-27 04:06:24,EURUSD.s,1.18749,1.1877900000000001,0.000300000000000189,0,1769461584938
2026-01-27 04:06:25,EURUSD.s,1.18749,1.1877900000000001,0.000300000000000189,0,1769461585352
2026-01-27 04:06:25,EURUSD.s,1.18749,1.1877900000000001,0.000300000000000189,0,1769461585352
2026-01-27 04:06:25,EURUSD.s,1.18749,1.1877900000000001,0.000300000000000189,0,1769461585352
2026-01-27 04:06:25,EURUSD.s,1.18749,1.1877900000000001,0.000300000000000189,0,1769461585352
2026-01-27 04:06:25,EURUSD.s,1.18749,1.1877900000000001,0.000300000000000189,0,1769461585352
2026-01-27 04:06:28,EURUSD.s,1.1875,1.1878,0.00029999999999996696,0,1769461588066
2026-01-27 04:06:28,EURUSD.s,1.1875,1.1878,0.00029999999999996696,0,1769461588066
2026-01-27 04:06:28,EURUSD.s,1.18749,1.1877900000000001,0.000300000000000189,0,1769461588932
2026-01-27 04:06:29,EURUSD.s,1.18749,1.1877900000000001,0.000300000000000189,0,1769461589404
2026-01-27 04:06:30,EURUSD.s,1.18751,1.18781,0.00029999999999996696,0,1769461590409
2026-01-27 04:06:30,EURUSD.s,1.18751,1.18781,0.00029999999999996696,0,1769461590409
2026-01-27 04:06:31,EURUSD.s,1.18751,1.18781,0.00029999999999996696,0,1769461591274
2026-01-27 04:06:31,EURUSD.s,1.18751,1.18781,0.00029999999999996696,0,1769461591986
2026-01-27 04:06:32,EURUSD.s,1.18751,1.18781,0.00029999999999996696,0,1769461592695
2026-01-27 04:06:32,EURUSD.s,1.1875,1.1878,0.00029999999999996696,0,1769461592851
2026-01-27 04:06:33,EURUSD.s,1.18751,1.18781,0.00029999999999996696,0,1769461593627
2026-01-27 04:06:34,EURUSD.s,1.18751,1.18781,0.00029999999999996696,0,1769461594161
2026-01-27 04:06:34,EURUSD.s,1.18746,1.18776,0.00029999999999996696,0,1769461594924
2026-01-27 04:06:35,EURUSD.s,1.18746,1.18776,0.00029999999999996696,0,1769461595066
2026-01-27 04:06:36,EURUSD.s,1.18747,1.18777,0.00029999999999996696,0,1769461596159
2026-01-27 04:06:36,EURUSD.s,1.18747,1.18777,0.00029999999999996696,0,1769461596623
2026-01-27 04:06:37,EURUSD.s,1.18747,1.18777,0.00029999999999996696,0,1769461597168
2026-01-27 04:06:37,EURUSD.s,1.18746,1.18776,0.00029999999999996696,0,1769461597868
2026-01-27 04:06:38,EURUSD.s,1.18746,1.18776,0.00029999999999996696,0,1769461598325
2026-01-27 04:06:38,EURUSD.s,1.18747,1.18777,0.00029999999999996696,0,1769461598463
2026-01-27 04:06:39,EURUSD.s,1.18747,1.18777,0.00029999999999996696,0,1769461599496
2026-01-27 04:06:40,EURUSD.s,1.18747,1.18777,0.00029999999999996696,0,1769461600102
2026-01-27 04:06:40,EURUSD.s,1.18748,1.18778,0.00029999999999996696,0,1769461600673
2026-01-27 04:06:40,EURUSD.s,1.18748,1.18778,0.00029999999999996696,0,1769461600673
2026-01-27 04:06:41,EURUSD.s,1.18749,1.1877900000000001,0.000300000000000189,0,1769461601375
2026-01-27 04:06:42,EURUSD.s,1.1875,1.1878,0.00029999999999996696,0,1769461602393
2026-01-27 04:06:42,EURUSD.s,1.1875,1.1878,0.00029999999999996696,0,1769461602856
2026-01-27 04:06:43,EURUSD.s,1.1875,1.1878,0.00029999999999996696,0,1769461603376
2026-01-27 04:06:43,EURUSD.s,1.1875,1.1878,0.00029999999999996696,0,1769461603879
2026-01-27 04:06:43,EURUSD.s,1.1875,1.1878,0.00029999999999996696,0,1769461603879
2026-01-27 04:06:44,EURUSD.s,1.18749,1.1877900000000001,0.000300000000000189,0,1769461604877
2026-01-27 04:06:44,EURUSD.s,1.18749,1.1877900000000001,0.000300000000000189,0,1769461604877
2026-01-27 04:06:46,EURUSD.s,1.18749,1.1877900000000001,0.000300000000000189,0,1769461606246
2026-01-27 04:06:46,EURUSD.s,1.18749,1.1877900000000001,0.000300000000000189,0,1769461606598
2026-01-27 04:06:46,EURUSD.s,1.18749,1.1877900000000001,0.000300000000000189,0,1769461606953
2026-01-27 04:06:47,EURUSD.s,1.18749,1.1877900000000001,0.000300000000000189,0,1769461607977
2026-01-27 04:06:48,EURUSD.s,1.18749,1.1877900000000001,0.000300000000000189,0,1769461608559
2026-01-27 04:06:49,EURUSD.s,1.18744,1.18774,0.00029999999999996696,0,1769461609124
2026-01-27 04:06:49,EURUSD.s,1.18743,1.18773,0.00029999999999996696,0,1769461609330
2026-01-27 04:06:50,EURUSD.s,1.18744,1.18774,0.00029999999999996696,0,1769461610021
2026-01-27 04:06:50,EURUSD.s,1.18744,1.18774,0.00029999999999996696,0,1769461610754
2026-01-27 04:06:51,EURUSD.s,1.18744,1.18774,0.00029999999999996696,0,1769461611017
2026-01-27 04:06:51,EURUSD.s,1.18744,1.18774,0.00029999999999996696,0,1769461611940
2026-01-27 04:06:52,EURUSD.s,1.18738,1.18768,0.00029999999999996696,0,1769461612457
2026-01-27 04:06:52,EURUSD.s,1.18737,1.18767,0.00029999999999996696,0,1769461612804
2026-01-27 04:06:53,EURUSD.s,1.1873,1.1876,0.00029999999999996696,0,1769461613615
2026-01-27 04:06:54,EURUSD.s,1.18732,1.18762,0.00029999999999996696,0,1769461614153
2026-01-27 04:06:54,EURUSD.s,1.18731,1.18761,0.00029999999999996696,0,1769461614785
2026-01-27 04:06:54,EURUSD.s,1.18731,1.18761,0.00029999999999996696,0,1769461614785
2026-01-27 04:06:55,EURUSD.s,1.18731,1.18761,0.00029999999999996696,0,1769461615834
2026-01-27 04:06:56,EURUSD.s,1.18732,1.18762,0.00029999999999996696,0,1769461616462
2026-01-27 04:06:57,EURUSD.s,1.18732,1.18762,0.00029999999999996696,0,1769461617017
2026-01-27 04:06:57,EURUSD.s,1.18732,1.18762,0.00029999999999996696,0,1769461617564
2026-01-27 04:06:57,EURUSD.s,1.18733,1.18763,0.00029999999999996696,0,1769461617801
2026-01-27 04:06:58,EURUSD.s,1.18733,1.18763,0.00029999999999996696,0,1769461618672
2026-01-27 04:06:59,EURUSD.s,1.18733,1.18763,0.00029999999999996696,0,1769461619675
2026-01-27 04:07:00,EURUSD.s,1.18734,1.18764,0.00029999999999996696,0,1769461620181
2026-01-27 04:07:00,EURUSD.s,1.18734,1.18764,0.00029999999999996696,0,1769461620499
2026-01-27 04:07:01,EURUSD.s,1.18731,1.18761,0.00029999999999996696,0,1769461621364
2026-01-27 04:07:01,EURUSD.s,1.18732,1.18762,0.00029999999999996696,0,1769461621938
2026-01-27 04:07:02,EURUSD.s,1.18733,1.18763,0.00029999999999996696,0,1769461622383
2026-01-27 04:07:03,EURUSD.s,1.18733,1.18763,0.00029999999999996696,0,1769461623071
2026-01-27 04:07:03,EURUSD.s,1.18734,1.18764,0.00029999999999996696,0,1769461623488
2026-01-27 04:07:04,EURUSD.s,1.18734,1.18764,0.00029999999999996696,0,1769461624164
2026-01-27 04:07:04,EURUSD.s,1.18734,1.18764,0.00029999999999996696,0,1769461624164
2026-01-27 04:07:04,EURUSD.s,1.18734,1.18764,0.00029999999999996696,0,1769461624959
2026-01-27 04:07:05,EURUSD.s,1.18734,1.18764,0.00029999999999996696,0,1769461625495
2026-01-27 04:07:06,EURUSD.s,1.18734,1.18764,0.00029999999999996696,0,1769461626170
2026-01-27 04:07:06,EURUSD.s,1.18733,1.18763,0.00029999999999996696,0,1769461626616
2026-01-27 04:07:07,EURUSD.s,1.18734,1.18764,0.00029999999999996696,0,1769461627488
2026-01-27 04:07:07,EURUSD.s,1.18734,1.18764,0.00029999999999996696,0,1769461627488
2026-01-27 04:07:10,EURUSD.s,1.18731,1.18761,0.00029999999999996696,0,1769461630157
2026-01-27 04:07:10,EURUSD.s,1.18731,1.18761,0.00029999999999996696,0,1769461630507
2026-01-27 04:07:10,EURUSD.s,1.18731,1.18761,0.00029999999999996696,0,1769461630507
2026-01-27 04:07:11,EURUSD.s,1.18726,1.18756,0.00029999999999996696,0,1769461631793
2026-01-27 04:07:12,EURUSD.s,1.18725,1.1875499999999999,0.00029999999999996696,0,1769461632053
2026-01-27 04:07:12,EURUSD.s,1.18725,1.1875499999999999,0.00029999999999996696,0,1769461632541
2026-01-27 04:07:13,EURUSD.s,1.18726,1.18756,0.00029999999999996696,0,1769461633540
2026-01-27 04:07:14,EURUSD.s,1.18724,1.18754,0.00029999999999996696,0,1769461634047
2026-01-27 04:07:14,EURUSD.s,1.18724,1.18754,0.00029999999999996696,0,1769461634413
2026-01-27 04:07:14,EURUSD.s,1.18724,1.18754,0.00029999999999996696,0,1769461634413
2026-01-27 04:07:14,EURUSD.s,1.18724,1.18754,0.00029999999999996696,0,1769461634413
2026-01-27 04:07:14,EURUSD.s,1.18724,1.18754,0.00029999999999996696,0,1769461634413
2026-01-27 04:07:14,EURUSD.s,1.18724,1.18754,0.00029999999999996696,0,1769461634413
2026-01-27 04:07:17,EURUSD.s,1.18724,1.18754,0.00029999999999996696,0,1769461637678
2026-01-27 04:07:17,EURUSD.s,1.18724,1.18754,0.00029999999999996696,0,1769461637839
2026-01-27 04:07:18,EURUSD.s,1.18724,1.18754,0.00029999999999996696,0,1769461638829
2026-01-27 04:07:19,EURUSD.s,1.18723,1.18753,0.00029999999999996696,0,1769461639363
2026-01-27 04:07:19,EURUSD.s,1.18727,1.18757,0.00029999999999996696,0,1769461639999
2026-01-27 04:07:20,EURUSD.s,1.18732,1.18762,0.00029999999999996696,0,1769461640555
2026-01-27 04:07:21,EURUSD.s,1.18732,1.18762,0.00029999999999996696,0,1769461641118
2026-01-27 04:07:21,EURUSD.s,1.18736,1.18766,0.00029999999999996696,0,1769461641701
2026-01-27 04:07:22,EURUSD.s,1.18736,1.18766,0.00029999999999996696,0,1769461642285
2026-01-27 04:07:22,EURUSD.s,1.18738,1.18768,0.00029999999999996696,0,1769461642799
2026-01-27 04:07:23,EURUSD.s,1.18738,1.18768,0.00029999999999996696,0,1769461643327
2026-01-27 04:07:23,EURUSD.s,1.18738,1.18768,0.00029999999999996696,0,1769461643529
2026-01-27 04:07:24,EURUSD.s,1.18736,1.18766,0.00029999999999996696,0,1769461644186
2026-01-27 04:07:25,EURUSD.s,1.18736,1.18766,0.00029999999999996696,0,1769461645017
2026-01-27 04:07:25,EURUSD.s,1.18732,1.18762,0.00029999999999996696,0,1769461645574
2026-01-27 04:07:26,EURUSD.s,1.18732,1.18762,0.00029999999999996696,0,1769461646214
2026-01-27 04:07:26,EURUSD.s,1.18732,1.18762,0.00029999999999996696,0,1769461646769
2026-01-27 04:07:27,EURUSD.s,1.18734,1.18764,0.00029999999999996696,0,1769461647279
2026-01-27 04:07:27,EURUSD.s,1.18734,1.18764,0.00029999999999996696,0,1769461647779
2026-01-27 04:07:28,EURUSD.s,1.18734,1.18764,0.00029999999999996696,0,1769461648186
2026-01-27 04:07:29,EURUSD.s,1.18734,1.18764,0.00029999999999996696,0,1769461649032
2026-01-27 04:07:29,EURUSD.s,1.18734,1.18764,0.00029999999999996696,0,1769461649601
2026-01-27 04:07:29,EURUSD.s,1.18734,1.18764,0.00029999999999996696,0,1769461649841
2026-01-27 04:07:30,EURUSD.s,1.18734,1.18764,0.00029999999999996696,0,1769461650739
2026-01-27 04:07:30,EURUSD.s,1.18734,1.18764,0.00029999999999996696,0,1769461650918
2026-01-27 04:07:31,EURUSD.s,1.18734,1.18764,0.00029999999999996696,0,1769461651846
2026-01-27 04:07:32,EURUSD.s,1.18734,1.18764,0.00029999999999996696,0,1769461652280
2026-01-27 04:07:32,EURUSD.s,1.18734,1.18764,0.00029999999999996696,0,1769461652921
2026-01-27 04:07:33,EURUSD.s,1.18734,1.18764,0.00029999999999996696,0,1769461653246
2026-01-27 04:07:34,EURUSD.s,1.18734,1.18764,0.00029999999999996696,0,1769461654016
2026-01-27 04:07:34,EURUSD.s,1.18734,1.18764,0.00029999999999996696,0,1769461654016
2026-01-27 04:07:34,EURUSD.s,1.18734,1.18764,0.00029999999999996696,0,1769461654016
2026-01-27 04:07:34,EURUSD.s,1.18734,1.18764,0.00029999999999996696,0,1769461654016
2026-01-27 04:07:36,EURUSD.s,1.18734,1.18764,0.00029999999999996696,0,1769461656188
2026-01-27 04:07:36,EURUSD.s,1.18734,1.18764,0.00029999999999996696,0,1769461656638
2026-01-27 04:07:37,EURUSD.s,1.1873,1.1876,0.00029999999999996696,0,1769461657390
2026-01-27 04:07:38,EURUSD.s,1.18731,1.18761,0.00029999999999996696,0,1769461658020
2026-01-27 04:07:38,EURUSD.s,1.18734,1.18764,0.00029999999999996696,0,1769461658559
2026-01-27 04:07:38,EURUSD.s,1.18734,1.18764,0.00029999999999996696,0,1769461658559
2026-01-27 04:07:39,EURUSD.s,1.18733,1.18763,0.00029999999999996696,0,1769461659685
2026-01-27 04:07:40,EURUSD.s,1.18733,1.18763,0.00029999999999996696,0,1769461660476
2026-01-27 04:07:40,EURUSD.s,1.18733,1.18763,0.00029999999999996696,0,1769461660546
2026-01-27 04:07:40,EURUSD.s,1.18733,1.18763,0.00029999999999996696,0,1769461660546
2026-01-27 04:07:41,EURUSD.s,1.18733,1.18763,0.00029999999999996696,0,1769461661835
2026-01-27 04:07:41,EURUSD.s,1.18733,1.18763,0.00029999999999996696,0,1769461661835
2026-01-27 04:07:43,EURUSD.s,1.18734,1.18764,0.00029999999999996696,0,1769461663415
2026-01-27 04:07:43,EURUSD.s,1.18734,1.18764,0.00029999999999996696,0,1769461663625
2026-01-27 04:07:44,EURUSD.s,1.18734,1.18764,0.00029999999999996696,0,1769461664152
2026-01-27 04:07:44,EURUSD.s,1.18734,1.18764,0.00029999999999996696,0,1769461664152
2026-01-27 04:07:45,EURUSD.s,1.18734,1.18764,0.00029999999999996696,0,1769461665236
2026-01-27 04:07:45,EURUSD.s,1.18734,1.18764,0.00029999999999996696,0,1769461665891
2026-01-27 04:07:46,EURUSD.s,1.18734,1.18764,0.00029999999999996696,0,1769461666758
2026-01-27 04:07:47,EURUSD.s,1.18735,1.18765,0.000300000000000189,0,1769461667399
2026-01-27 04:07:47,EURUSD.s,1.18734,1.18764,0.00029999999999996696,0,1769461667824
2026-01-27 04:07:48,EURUSD.s,1.18734,1.18764,0.00029999999999996696,0,1769461668486
2026-01-27 04:07:48,EURUSD.s,1.18734,1.18764,0.00029999999999996696,0,1769461668766
2026-01-27 04:07:49,EURUSD.s,1.18735,1.18765,0.000300000000000189,0,1769461669446
2026-01-27 04:07:49,EURUSD.s,1.18735,1.18765,0.000300000000000189,0,1769461669987
2026-01-27 04:07:50,EURUSD.s,1.18735,1.18765,0.000300000000000189,0,1769461670598
2026-01-27 04:07:50,EURUSD.s,1.18735,1.18765,0.000300000000000189,0,1769461670598
2026-01-27 04:07:51,EURUSD.s,1.18735,1.18765,0.000300000000000189,0,1769461671765
2026-01-27 04:07:52,EURUSD.s,1.18739,1.18769,0.00029999999999996696,0,1769461672444
2026-01-27 04:07:52,EURUSD.s,1.18739,1.18769,0.00029999999999996696,0,1769461672974
2026-01-27 04:07:53,EURUSD.s,1.1874,1.1877,0.00029999999999996696,0,1769461673269
2026-01-27 04:07:54,EURUSD.s,1.18742,1.18772,0.000300000000000189,0,1769461674120
2026-01-27 04:07:54,EURUSD.s,1.18744,1.18774,0.00029999999999996696,0,1769461674708
2026-01-27 04:07:55,EURUSD.s,1.18743,1.18773,0.00029999999999996696,0,1769461675321
2026-01-27 04:07:55,EURUSD.s,1.18743,1.18773,0.00029999999999996696,0,1769461675488
2026-01-27 04:07:56,EURUSD.s,1.18744,1.18774,0.00029999999999996696,0,1769461676809
2026-01-27 04:07:57,EURUSD.s,1.18744,1.18774,0.00029999999999996696,0,1769461677157
2026-01-27 04:07:57,EURUSD.s,1.18744,1.18774,0.00029999999999996696,0,1769461677451
2026-01-27 04:07:58,EURUSD.s,1.18744,1.18774,0.00029999999999996696,0,1769461678330
2026-01-27 04:07:58,EURUSD.s,1.18744,1.18774,0.00029999999999996696,0,1769461678622
2026-01-27 04:07:59,EURUSD.s,1.18744,1.18774,0.00029999999999996696,0,1769461679175
2026-01-27 04:08:00,EURUSD.s,1.1874500000000001,1.18775,0.00029999999999996696,0,1769461680058
2026-01-27 04:08:00,EURUSD.s,1.1874500000000001,1.18775,0.00029999999999996696,0,1769461680739
2026-01-27 04:08:00,EURUSD.s,1.18744,1.18774,0.00029999999999996696,0,1769461680887
2026-01-27 04:08:00,EURUSD.s,1.18744,1.18774,0.00029999999999996696,0,1769461680887
2026-01-27 04:08:02,EURUSD.s,1.18744,1.18774,0.00029999999999996696,0,1769461682359
2026-01-27 04:08:02,EURUSD.s,1.18744,1.18774,0.00029999999999996696,0,1769461682359
2026-01-27 04:08:03,EURUSD.s,1.1874500000000001,1.18775,0.00029999999999996696,0,1769461683648
2026-01-27 04:08:03,EURUSD.s,1.1874500000000001,1.18775,0.00029999999999996696,0,1769461683798
2026-01-27 04:08:04,EURUSD.s,1.1874500000000001,1.18775,0.00029999999999996696,0,1769461684746
2026-01-27 04:08:05,EURUSD.s,1.1874500000000001,1.18775,0.00029999999999996696,0,1769461685288
2026-01-27 04:08:05,EURUSD.s,1.1874500000000001,1.18775,0.00029999999999996696,0,1769461685288
2026-01-27 04:08:06,EURUSD.s,1.18744,1.18774,0.00029999999999996696,0,1769461686497
2026-01-27 04:08:06,EURUSD.s,1.18744,1.18774,0.00029999999999996696,0,1769461686845
2026-01-27 04:08:07,EURUSD.s,1.18744,1.18774,0.00029999999999996696,0,1769461687588
2026-01-27 04:08:07,EURUSD.s,1.18743,1.18773,0.00029999999999996696,0,1769461687939
2026-01-27 04:08:07,EURUSD.s,1.18743,1.18773,0.00029999999999996696,0,1769461687939
2026-01-27 04:08:08,EURUSD.s,1.18744,1.18774,0.00029999999999996696,0,1769461688936
2026-01-27 04:08:09,EURUSD.s,1.18743,1.18773,0.00029999999999996696,0,1769461689585
2026-01-27 04:08:10,EURUSD.s,1.18743,1.18773,0.00029999999999996696,0,1769461690962
2026-01-27 04:08:11,EURUSD.s,1.18743,1.18773,0.00029999999999996696,0,1769461691270
2026-01-27 04:08:11,EURUSD.s,1.18743,1.18773,0.00029999999999996696,0,1769461691270
2026-01-27 04:08:12,EURUSD.s,1.18742,1.18772,0.000300000000000189,0,1769461692750
2026-01-27 04:08:12,EURUSD.s,1.18743,1.18773,0.00029999999999996696,0,1769461692874
2026-01-27 04:08:13,EURUSD.s,1.18743,1.18773,0.00029999999999996696,0,1769461693882
2026-01-27 04:08:14,EURUSD.s,1.18743,1.18773,0.00029999999999996696,0,1769461694407
2026-01-27 04:08:14,EURUSD.s,1.18743,1.18773,0.00029999999999996696,0,1769461694683
2026-01-27 04:08:15,EURUSD.s,1.18741,1.18771,0.00029999999999996696,0,1769461695617
2026-01-27 04:08:16,EURUSD.s,1.18743,1.18773,0.00029999999999996696,0,1769461696088
2026-01-27 04:08:16,EURUSD.s,1.18743,1.18773,0.00029999999999996696,0,1769461696637
2026-01-27 04:08:16,EURUSD.s,1.18743,1.18773,0.00029999999999996696,0,1769461696637
2026-01-27 04:08:17,EURUSD.s,1.18743,1.18773,0.00029999999999996696,0,1769461697881
2026-01-27 04:08:17,EURUSD.s,1.18743,1.18773,0.00029999999999996696,0,1769461697881
2026-01-27 04:08:17,EURUSD.s,1.18743,1.18773,0.00029999999999996696,0,1769461697881
2026-01-27 04:08:17,EURUSD.s,1.18743,1.18773,0.00029999999999996696,0,1769461697881
2026-01-27 04:08:17,EURUSD.s,1.18743,1.18773,0.00029999999999996696,0,1769461697881
2026-01-27 04:08:20,EURUSD.s,1.18743,1.18773,0.00029999999999996696,0,1769461700543
2026-01-27 04:08:21,EURUSD.s,1.18743,1.18773,0.00029999999999996696,0,1769461701349
2026-01-27 04:08:21,EURUSD.s,1.18743,1.18773,0.00029999999999996696,0,1769461701349
2026-01-27 04:08:22,EURUSD.s,1.18743,1.18773,0.00029999999999996696,0,1769461702319
2026-01-27 04:08:22,EURUSD.s,1.18743,1.18773,0.00029999999999996696,0,1769461702319
2026-01-27 04:08:23,EURUSD.s,1.18744,1.18774,0.00029999999999996696,0,1769461703623
2026-01-27 04:08:24,EURUSD.s,1.18743,1.18773,0.00029999999999996696,0,1769461704051
2026-01-27 04:08:24,EURUSD.s,1.18742,1.18772,0.000300000000000189,0,1769461704549
2026-01-27 04:08:24,EURUSD.s,1.18742,1.18772,0.000300000000000189,0,1769461704549
2026-01-27 04:08:25,EURUSD.s,1.18736,1.18766,0.00029999999999996696,0,1769461705902
2026-01-27 04:08:26,EURUSD.s,1.18736,1.18766,0.00029999999999996696,0,1769461706318
2026-01-27 04:08:26,EURUSD.s,1.18736,1.18766,0.00029999999999996696,0,1769461706997
2026-01-27 04:08:27,EURUSD.s,1.18736,1.18766,0.00029999999999996696,0,1769461707609
2026-01-27 04:08:28,EURUSD.s,1.18737,1.18767,0.00029999999999996696,0,1769461708169
2026-01-27 04:08:28,EURUSD.s,1.18739,1.18769,0.00029999999999996696,0,1769461708523
2026-01-27 04:08:29,EURUSD.s,1.18739,1.18769,0.00029999999999996696,0,1769461709173
2026-01-27 04:08:29,EURUSD.s,1.18741,1.18771,0.00029999999999996696,0,1769461709730
2026-01-27 04:08:30,EURUSD.s,1.18741,1.18771,0.00029999999999996696,0,1769461710288
2026-01-27 04:08:30,EURUSD.s,1.18741,1.18771,0.00029999999999996696,0,1769461710943
2026-01-27 04:08:31,EURUSD.s,1.18746,1.18776,0.00029999999999996696,0,1769461711530
2026-01-27 04:08:31,EURUSD.s,1.18746,1.18776,0.00029999999999996696,0,1769461711530
2026-01-27 04:08:32,EURUSD.s,1.18746,1.18776,0.00029999999999996696,0,1769461712378
2026-01-27 04:08:33,EURUSD.s,1.18746,1.18776,0.00029999999999996696,0,1769461713203
2026-01-27 04:08:33,EURUSD.s,1.18746,1.18776,0.00029999999999996696,0,1769461713369
2026-01-27 04:08:34,EURUSD.s,1.18746,1.18776,0.00029999999999996696,0,1769461714383
2026-01-27 04:08:34,EURUSD.s,1.18746,1.18776,0.00029999999999996696,0,1769461714383
2026-01-27 04:08:35,EURUSD.s,1.18746,1.18776,0.00029999999999996696,0,1769461715243
2026-01-27 04:08:35,EURUSD.s,1.18746,1.18776,0.00029999999999996696,0,1769461715243
2026-01-27 04:08:35,EURUSD.s,1.18746,1.18776,0.00029999999999996696,0,1769461715243
2026-01-27 04:08:37,EURUSD.s,1.18746,1.18776,0.00029999999999996696,0,1769461717008
2026-01-27 04:08:37,EURUSD.s,1.18746,1.18776,0.00029999999999996696,0,1769461717383
2026-01-27 04:08:37,EURUSD.s,1.18746,1.18776,0.00029999999999996696,0,1769461717383
2026-01-27 04:08:38,EURUSD.s,1.18746,1.18776,0.00029999999999996696,0,1769461718534
2026-01-27 04:08:38,EURUSD.s,1.18746,1.18776,0.00029999999999996696,0,1769461718534
2026-01-27 04:08:39,EURUSD.s,1.18746,1.18776,0.00029999999999996696,0,1769461719933
2026-01-27 04:08:40,EURUSD.s,1.18746,1.18776,0.00029999999999996696,0,1769461720099
2026-01-27 04:08:40,EURUSD.s,1.18746,1.18776,0.00029999999999996696,0,1769461720099
2026-01-27 04:08:41,EURUSD.s,1.1874500000000001,1.18775,0.00029999999999996696,0,1769461721652
2026-01-27 04:08:41,EURUSD.s,1.1874500000000001,1.18775,0.00029999999999996696,0,1769461721789
2026-01-27 04:08:42,EURUSD.s,1.1874500000000001,1.18775,0.00029999999999996696,0,1769461722671
2026-01-27 04:08:42,EURUSD.s,1.1874500000000001,1.18775,0.00029999999999996696,0,1769461722936
2026-01-27 04:08:43,EURUSD.s,1.18744,1.18774,0.00029999999999996696,0,1769461723631
2026-01-27 04:08:43,EURUSD.s,1.18744,1.18774,0.00029999999999996696,0,1769461723631
2026-01-27 04:08:44,EURUSD.s,1.18744,1.18774,0.00029999999999996696,0,1769461724912
2026-01-27 04:08:45,EURUSD.s,1.18744,1.18774,0.00029999999999996696,0,1769461725360
2026-01-27 04:08:45,EURUSD.s,1.18744,1.18774,0.00029999999999996696,0,1769461725360
2026-01-27 04:08:45,EURUSD.s,1.18744,1.18774,0.00029999999999996696,0,1769461725360
2026-01-27 04:08:47,EURUSD.s,1.18744,1.18774,0.00029999999999996696,0,1769461727352
2026-01-27 04:08:47,EURUSD.s,1.18744,1.18774,0.00029999999999996696,0,1769461727352
2026-01-27 04:08:47,EURUSD.s,1.18744,1.18774,0.00029999999999996696,0,1769461727352
2026-01-27 04:08:49,EURUSD.s,1.1874500000000001,1.18775,0.00029999999999996696,0,1769461729286
2026-01-27 04:08:49,EURUSD.s,1.18746,1.18776,0.00029999999999996696,0,1769461729768
2026-01-27 04:08:50,EURUSD.s,1.18747,1.18777,0.00029999999999996696,0,1769461730428
2026-01-27 04:08:50,EURUSD.s,1.1874500000000001,1.18775,0.00029999999999996696,0,1769461730769
2026-01-27 04:08:51,EURUSD.s,1.18746,1.18776,0.00029999999999996696,0,1769461731552
2026-01-27 04:08:52,EURUSD.s,1.1874500000000001,1.18775,0.00029999999999996696,0,1769461732031
2026-01-27 04:08:52,EURUSD.s,1.18746,1.18776,0.00029999999999996696,0,1769461732586
2026-01-27 04:08:52,EURUSD.s,1.18746,1.18776,0.00029999999999996696,0,1769461732586
2026-01-27 04:08:53,EURUSD.s,1.1874500000000001,1.18775,0.00029999999999996696,0,1769461733792
2026-01-27 04:08:54,EURUSD.s,1.1874500000000001,1.18775,0.00029999999999996696,0,1769461734110
2026-01-27 04:08:54,EURUSD.s,1.1874500000000001,1.18775,0.00029999999999996696,0,1769461734110
2026-01-27 04:08:55,EURUSD.s,1.1874500000000001,1.18775,0.00029999999999996696,0,1769461735366
2026-01-27 04:08:55,EURUSD.s,1.1874500000000001,1.18775,0.00029999999999996696,0,1769461735366
2026-01-27 04:08:55,EURUSD.s,1.1874500000000001,1.18775,0.00029999999999996696,0,1769461735366
2026-01-27 04:08:55,EURUSD.s,1.1874500000000001,1.18775,0.00029999999999996696,0,1769461735366
2026-01-27 04:08:55,EURUSD.s,1.1874500000000001,1.18775,0.00029999999999996696,0,1769461735366
2026-01-27 04:08:58,EURUSD.s,1.1874500000000001,1.18775,0.00029999999999996696,0,1769461738817
2026-01-27 04:08:59,EURUSD.s,1.1874500000000001,1.18775,0.00029999999999996696,0,1769461739140
2026-01-27 04:08:59,EURUSD.s,1.1874500000000001,1.18775,0.00029999999999996696,0,1769461739140
2026-01-27 04:09:00,EURUSD.s,1.1874500000000001,1.18775,0.00029999999999996696,0,1769461740338
2026-01-27 04:09:00,EURUSD.s,1.1874500000000001,1.18775,0.00029999999999996696,0,1769461740999
2026-01-27 04:09:00,EURUSD.s,1.1874500000000001,1.18775,0.00029999999999996696,0,1769461740999
2026-01-27 04:09:02,EURUSD.s,1.1874500000000001,1.18775,0.00029999999999996696,0,1769461742177
2026-01-27 04:09:02,EURUSD.s,1.1874500000000001,1.18775,0.00029999999999996696,0,1769461742177
2026-01-27 04:09:03,EURUSD.s,1.1874500000000001,1.18775,0.00029999999999996696,0,1769461743301
2026-01-27 04:09:03,EURUSD.s,1.1874500000000001,1.18775,0.00029999999999996696,0,1769461743766
2026-01-27 04:09:04,EURUSD.s,1.1874500000000001,1.18775,0.00029999999999996696,0,1769461744336
2026-01-27 04:09:04,EURUSD.s,1.1874,1.1877,0.00029999999999996696,0,1769461744939
2026-01-27 04:09:05,EURUSD.s,1.18741,1.18771,0.00029999999999996696,0,1769461745498
2026-01-27 04:09:05,EURUSD.s,1.18743,1.18773,0.00029999999999996696,0,1769461745875
2026-01-27 04:09:06,EURUSD.s,1.18744,1.18774,0.00029999999999996696,0,1769461746427
2026-01-27 04:09:07,EURUSD.s,1.18748,1.18778,0.00029999999999996696,0,1769461747219
2026-01-27 04:09:07,EURUSD.s,1.18747,1.18777,0.00029999999999996696,0,1769461747736
2026-01-27 04:09:07,EURUSD.s,1.18747,1.18777,0.00029999999999996696,0,1769461747992
2026-01-27 04:09:08,EURUSD.s,1.18747,1.18777,0.00029999999999996696,0,1769461748937
2026-01-27 04:09:09,EURUSD.s,1.18747,1.18777,0.00029999999999996696,0,1769461749455
2026-01-27 04:09:09,EURUSD.s,1.18747,1.18777,0.00029999999999996696,0,1769461749984
2026-01-27 04:09:09,EURUSD.s,1.18747,1.18777,0.00029999999999996696,0,1769461749984
2026-01-27 04:09:11,EURUSD.s,1.18747,1.18777,0.00029999999999996696,0,1769461751225
2026-01-27 04:09:11,EURUSD.s,1.18747,1.18777,0.00029999999999996696,0,1769461751225
2026-01-27 04:09:12,EURUSD.s,1.18747,1.18777,0.00029999999999996696,0,1769461752363
2026-01-27 04:09:12,EURUSD.s,1.18747,1.18777,0.00029999999999996696,0,1769461752363
2026-01-27 04:09:13,EURUSD.s,1.18744,1.18774,0.00029999999999996696,0,1769461753632
2026-01-27 04:09:13,EURUSD.s,1.18743,1.18773,0.00029999999999996696,0,1769461753999
2026-01-27 04:09:14,EURUSD.s,1.18744,1.18774,0.00029999999999996696,0,1769461754753
2026-01-27 04:09:15,EURUSD.s,1.18744,1.18774,0.00029999999999996696,0,1769461755277
2026-01-27 04:09:15,EURUSD.s,1.18744,1.18774,0.00029999999999996696,0,1769461755355
2026-01-27 04:09:16,EURUSD.s,1.18744,1.18774,0.00029999999999996696,0,1769461756137
2026-01-27 04:09:16,EURUSD.s,1.18744,1.18774,0.00029999999999996696,0,1769461756576
2026-01-27 04:09:17,EURUSD.s,1.18744,1.18774,0.00029999999999996696,0,1769461757540
2026-01-27 04:09:17,EURUSD.s,1.18744,1.18774,0.00029999999999996696,0,1769461757540
2026-01-27 04:09:18,EURUSD.s,1.18744,1.18774,0.00029999999999996696,0,1769461758605
2026-01-27 04:09:19,EURUSD.s,1.18744,1.18774,0.00029999999999996696,0,1769461759128
2026-01-27 04:09:19,EURUSD.s,1.18741,1.18771,0.00029999999999996696,0,1769461759815
2026-01-27 04:09:20,EURUSD.s,1.18741,1.18771,0.00029999999999996696,0,1769461760101
2026-01-27 04:09:20,EURUSD.s,1.18741,1.18771,0.00029999999999996696,0,1769461760101
2026-01-27 04:09:21,EURUSD.s,1.18741,1.18771,0.00029999999999996696,0,1769461761414
2026-01-27 04:09:21,EURUSD.s,1.18742,1.18772,0.000300000000000189,0,1769461761971
2026-01-27 04:09:22,EURUSD.s,1.18742,1.18772,0.000300000000000189,0,1769461762106
2026-01-27 04:09:22,EURUSD.s,1.18742,1.18772,0.000300000000000189,0,1769461762106
2026-01-27 04:09:22,EURUSD.s,1.18742,1.18772,0.000300000000000189,0,1769461762106
2026-01-27 04:09:24,EURUSD.s,1.18742,1.18772,0.000300000000000189,0,1769461764323
2026-01-27 04:09:24,EURUSD.s,1.18742,1.18772,0.000300000000000189,0,1769461764469
2026-01-27 04:09:25,EURUSD.s,1.1874,1.1877,0.00029999999999996696,0,1769461765435
2026-01-27 04:09:26,EURUSD.s,1.18739,1.18769,0.00029999999999996696,0,1769461766009
2026-01-27 04:09:26,EURUSD.s,1.1874,1.1877,0.00029999999999996696,0,1769461766444
2026-01-27 04:09:27,EURUSD.s,1.18739,1.18769,0.00029999999999996696,0,1769461767283
2026-01-27 04:09:27,EURUSD.s,1.1874,1.1877,0.00029999999999996696,0,1769461767755
2026-01-27 04:09:27,EURUSD.s,1.18739,1.18769,0.00029999999999996696,0,1769461767959
2026-01-27 04:09:28,EURUSD.s,1.1874,1.1877,0.00029999999999996696,0,1769461768972
2026-01-27 04:09:28,EURUSD.s,1.1874,1.1877,0.00029999999999996696,0,1769461768972
2026-01-27 04:09:28,EURUSD.s,1.1874,1.1877,0.00029999999999996696,0,1769461768972
2026-01-27 04:09:30,EURUSD.s,1.1874,1.1877,0.00029999999999996696,0,1769461770529
2026-01-27 04:09:31,EURUSD.s,1.1874,1.1877,0.00029999999999996696,0,1769461771151
2026-01-27 04:09:31,EURUSD.s,1.1874,1.1877,0.00029999999999996696,0,1769461771643
2026-01-27 04:09:32,EURUSD.s,1.1874,1.1877,0.00029999999999996696,0,1769461772239
2026-01-27 04:09:32,EURUSD.s,1.1874,1.1877,0.00029999999999996696,0,1769461772239
2026-01-27 04:09:33,EURUSD.s,1.1874,1.1877,0.00029999999999996696,0,1769461773027
2026-01-27 04:09:33,EURUSD.s,1.18739,1.18769,0.00029999999999996696,0,1769461773981
2026-01-27 04:09:34,EURUSD.s,1.18738,1.18768,0.00029999999999996696,0,1769461774591
2026-01-27 04:09:35,EURUSD.s,1.18736,1.18766,0.00029999999999996696,0,1769461775153
2026-01-27 04:09:35,EURUSD.s,1.18736,1.18766,0.00029999999999996696,0,1769461775640
2026-01-27 04:09:35,EURUSD.s,1.18736,1.18766,0.00029999999999996696,0,1769461775802
2026-01-27 04:09:36,EURUSD.s,1.18736,1.18766,0.00029999999999996696,0,1769461776728
2026-01-27 04:09:37,EURUSD.s,1.18736,1.18766,0.00029999999999996696,0,1769461777365
2026-01-27 04:09:37,EURUSD.s,1.18736,1.18766,0.00029999999999996696,0,1769461777365
2026-01-27 04:09:38,EURUSD.s,1.18736,1.18766,0.00029999999999996696,0,1769461778469
2026-01-27 04:09:39,EURUSD.s,1.18736,1.18766,0.00029999999999996696,0,1769461779114
2026-01-27 04:09:39,EURUSD.s,1.18736,1.18766,0.00029999999999996696,0,1769461779114
2026-01-27 04:09:40,EURUSD.s,1.18736,1.18766,0.00029999999999996696,0,1769461780099
2026-01-27 04:09:40,EURUSD.s,1.18736,1.18766,0.00029999999999996696,0,1769461780099
2026-01-27 04:09:40,EURUSD.s,1.18736,1.18766,0.00029999999999996696,0,1769461780099
2026-01-27 04:09:40,EURUSD.s,1.18736,1.18766,0.00029999999999996696,0,1769461780099
2026-01-27 04:09:40,EURUSD.s,1.18736,1.18766,0.00029999999999996696,0,1769461780099
2026-01-27 04:09:40,EURUSD.s,1.18736,1.18766,0.00029999999999996696,0,1769461780099
2026-01-27 04:09:43,EURUSD.s,1.18736,1.18766,0.00029999999999996696,0,1769461783365
2026-01-27 04:09:43,EURUSD.s,1.18736,1.18766,0.00029999999999996696,0,1769461783939
2026-01-27 04:09:44,EURUSD.s,1.18736,1.18766,0.00029999999999996696,0,1769461784525
2026-01-27 04:09:45,EURUSD.s,1.18736,1.18766,0.00029999999999996696,0,1769461785332
2026-01-27 04:09:45,EURUSD.s,1.18736,1.18766,0.00029999999999996696,0,1769461785580
2026-01-27 04:09:46,EURUSD.s,1.18736,1.18766,0.00029999999999996696,0,1769461786293
2026-01-27 04:09:47,EURUSD.s,1.1873,1.1876,0.00029999999999996696,0,1769461787014
2026-01-27 04:09:47,EURUSD.s,1.18731,1.18761,0.00029999999999996696,0,1769461787585
2026-01-27 04:09:48,EURUSD.s,1.18731,1.18761,0.00029999999999996696,0,1769461788124
2026-01-27 04:09:48,EURUSD.s,1.18733,1.18763,0.00029999999999996696,0,1769461788680
2026-01-27 04:09:49,EURUSD.s,1.18733,1.18763,0.00029999999999996696,0,1769461789100
2026-01-27 04:09:49,EURUSD.s,1.18733,1.18763,0.00029999999999996696,0,1769461789826
2026-01-27 04:09:50,EURUSD.s,1.18733,1.18763,0.00029999999999996696,0,1769461790300
2026-01-27 04:09:50,EURUSD.s,1.18733,1.18763,0.00029999999999996696,0,1769461790958
2026-01-27 04:09:51,EURUSD.s,1.18733,1.18763,0.00029999999999996696,0,1769461791609
2026-01-27 04:09:51,EURUSD.s,1.18734,1.18764,0.00029999999999996696,0,1769461791943
2026-01-27 04:09:52,EURUSD.s,1.18734,1.18764,0.00029999999999996696,0,1769461792437
2026-01-27 04:09:52,EURUSD.s,1.18734,1.18764,0.00029999999999996696,0,1769461792908
2026-01-27 04:09:52,EURUSD.s,1.18734,1.18764,0.00029999999999996696,0,1769461792908
2026-01-27 04:09:54,EURUSD.s,1.18736,1.18766,0.00029999999999996696,0,1769461794245
2026-01-27 04:09:54,EURUSD.s,1.18735,1.18765,0.000300000000000189,0,1769461794893
2026-01-27 04:09:55,EURUSD.s,1.18735,1.18765,0.000300000000000189,0,1769461795067
2026-01-27 04:09:55,EURUSD.s,1.18735,1.18765,0.000300000000000189,0,1769461795949
2026-01-27 04:09:56,EURUSD.s,1.18734,1.18764,0.00029999999999996696,0,1769461796689
2026-01-27 04:09:56,EURUSD.s,1.18734,1.18764,0.00029999999999996696,0,1769461796836
2026-01-27 04:09:56,EURUSD.s,1.18734,1.18764,0.00029999999999996696,0,1769461796836
2026-01-27 04:09:56,EURUSD.s,1.18734,1.18764,0.00029999999999996696,0,1769461796836
2026-01-27 04:09:58,EURUSD.s,1.18734,1.18764,0.00029999999999996696,0,1769461798667
2026-01-27 04:09:59,EURUSD.s,1.18734,1.18764,0.00029999999999996696,0,1769461799219
2026-01-27 04:10:00,EURUSD.s,1.18732,1.18762,0.00029999999999996696,0,1769461800036
2026-01-27 04:10:00,EURUSD.s,1.18728,1.18758,0.000300000000000189,0,1769461800454
2026-01-27 04:10:01,EURUSD.s,1.18728,1.18758,0.000300000000000189,0,1769461801187
2026-01-27 04:10:01,EURUSD.s,1.18729,1.18759,0.00029999999999996696,0,1769461801711
2026-01-27 04:10:02,EURUSD.s,1.18728,1.18758,0.000300000000000189,0,1769461802309
2026-01-27 04:10:02,EURUSD.s,1.18728,1.18758,0.000300000000000189,0,1769461802784
2026-01-27 04:10:03,EURUSD.s,1.1873,1.1876,0.00029999999999996696,0,1769461803400
2026-01-27 04:10:03,EURUSD.s,1.1873,1.1876,0.00029999999999996696,0,1769461803605
2026-01-27 04:10:04,EURUSD.s,1.1873,1.1876,0.00029999999999996696,0,1769461804556
2026-01-27 04:10:04,EURUSD.s,1.1873,1.1876,0.00029999999999996696,0,1769461804690
2026-01-27 04:10:05,EURUSD.s,1.18729,1.18759,0.00029999999999996696,0,1769461805658
2026-01-27 04:10:06,EURUSD.s,1.18729,1.18759,0.00029999999999996696,0,1769461806173
2026-01-27 04:10:06,EURUSD.s,1.18729,1.18759,0.00029999999999996696,0,1769461806775
2026-01-27 04:10:07,EURUSD.s,1.18729,1.18759,0.00029999999999996696,0,1769461807194
2026-01-27 04:10:07,EURUSD.s,1.18729,1.18759,0.00029999999999996696,0,1769461807194
2026-01-27 04:10:08,EURUSD.s,1.18729,1.18759,0.00029999999999996696,0,1769461808325
2026-01-27 04:10:08,EURUSD.s,1.18728,1.18758,0.000300000000000189,0,1769461808974
2026-01-27 04:10:09,EURUSD.s,1.18728,1.18758,0.000300000000000189,0,1769461809514
2026-01-27 04:10:09,EURUSD.s,1.18729,1.18759,0.00029999999999996696,0,1769461809813
2026-01-27 04:10:10,EURUSD.s,1.18728,1.18758,0.000300000000000189,0,1769461810658
2026-01-27 04:10:10,EURUSD.s,1.18729,1.18759,0.00029999999999996696,0,1769461810823
2026-01-27 04:10:12,EURUSD.s,1.18728,1.18758,0.000300000000000189,0,1769461812512
2026-01-27 04:10:12,EURUSD.s,1.18728,1.18758,0.000300000000000189,0,1769461812810
2026-01-27 04:10:13,EURUSD.s,1.1873,1.1876,0.00029999999999996696,0,1769461813743
2026-01-27 04:10:14,EURUSD.s,1.1873,1.1876,0.00029999999999996696,0,1769461814300
2026-01-27 04:10:14,EURUSD.s,1.18733,1.18763,0.00029999999999996696,0,1769461814802
2026-01-27 04:10:15,EURUSD.s,1.18729,1.18759,0.00029999999999996696,0,1769461815414
2026-01-27 04:10:15,EURUSD.s,1.18731,1.18761,0.00029999999999996696,0,1769461815801
2026-01-27 04:10:16,EURUSD.s,1.18733,1.18763,0.00029999999999996696,0,1769461816544
2026-01-27 04:10:17,EURUSD.s,1.18733,1.18763,0.00029999999999996696,0,1769461817102
2026-01-27 04:10:17,EURUSD.s,1.18733,1.18763,0.00029999999999996696,0,1769461817102
2026-01-27 04:10:18,EURUSD.s,1.18731,1.18761,0.00029999999999996696,0,1769461818142
2026-01-27 04:10:18,EURUSD.s,1.18731,1.18761,0.00029999999999996696,0,1769461818936
2026-01-27 04:10:19,EURUSD.s,1.18731,1.18761,0.00029999999999996696,0,1769461819302
2026-01-27 04:10:20,EURUSD.s,1.18732,1.18762,0.00029999999999996696,0,1769461820059
2026-01-27 04:10:20,EURUSD.s,1.18733,1.18763,0.00029999999999996696,0,1769461820599
2026-01-27 04:10:21,EURUSD.s,1.18733,1.18763,0.00029999999999996696,0,1769461821090
2026-01-27 04:10:21,EURUSD.s,1.18733,1.18763,0.00029999999999996696,0,1769461821090
2026-01-27 04:10:21,EURUSD.s,1.18733,1.18763,0.00029999999999996696,0,1769461821767
2026-01-27 04:10:21,EURUSD.s,1.18733,1.18763,0.00029999999999996696,0,1769461821767
2026-01-27 04:10:21,EURUSD.s,1.18733,1.18763,0.00029999999999996696,0,1769461821767
2026-01-27 04:10:23,EURUSD.s,1.18734,1.18764,0.00029999999999996696,0,1769461823998
2026-01-27 04:10:24,EURUSD.s,1.18735,1.18765,0.000300000000000189,0,1769461824245
2026-01-27 04:10:24,EURUSD.s,1.18735,1.18765,0.000300000000000189,0,1769461824245
2026-01-27 04:10:25,EURUSD.s,1.18735,1.18765,0.000300000000000189,0,1769461825221
2026-01-27 04:10:26,EURUSD.s,1.18735,1.18765,0.000300000000000189,0,1769461826128
2026-01-27 04:10:26,EURUSD.s,1.18736,1.18766,0.00029999999999996696,0,1769461826726
2026-01-27 04:10:27,EURUSD.s,1.18735,1.18765,0.000300000000000189,0,1769461827201
2026-01-27 04:10:27,EURUSD.s,1.18734,1.18764,0.00029999999999996696,0,1769461827914
2026-01-27 04:10:28,EURUSD.s,1.18734,1.18764,0.00029999999999996696,0,1769461828519
2026-01-27 04:10:28,EURUSD.s,1.18734,1.18764,0.00029999999999996696,0,1769461828957
2026-01-27 04:10:29,EURUSD.s,1.18734,1.18764,0.00029999999999996696,0,1769461829636
2026-01-27 04:10:29,EURUSD.s,1.18734,1.18764,0.00029999999999996696,0,1769461829636
2026-01-27 04:10:30,EURUSD.s,1.18734,1.18764,0.00029999999999996696,0,1769461830778
2026-01-27 04:10:31,EURUSD.s,1.18734,1.18764,0.00029999999999996696,0,1769461831139
2026-01-27 04:10:31,EURUSD.s,1.18734,1.18764,0.00029999999999996696,0,1769461831139
2026-01-27 04:10:32,EURUSD.s,1.18734,1.18764,0.00029999999999996696,0,1769461832435
2026-01-27 04:10:33,EURUSD.s,1.18734,1.18764,0.00029999999999996696,0,1769461833007
2026-01-27 04:10:33,EURUSD.s,1.18734,1.18764,0.00029999999999996696,0,1769461833007
2026-01-27 04:10:34,EURUSD.s,1.18734,1.18764,0.00029999999999996696,0,1769461834112
2026-01-27 04:10:34,EURUSD.s,1.18733,1.18763,0.00029999999999996696,0,1769461834372
2026-01-27 04:10:35,EURUSD.s,1.18729,1.18759,0.00029999999999996696,0,1769461835113
2026-01-27 04:10:35,EURUSD.s,1.18729,1.18759,0.00029999999999996696,0,1769461835735
2026-01-27 04:10:36,EURUSD.s,1.18727,1.18757,0.00029999999999996696,0,1769461836349
2026-01-27 04:10:36,EURUSD.s,1.18728,1.18758,0.000300000000000189,0,1769461836942
2026-01-27 04:10:37,EURUSD.s,1.18728,1.18758,0.000300000000000189,0,1769461837477
2026-01-27 04:10:38,EURUSD.s,1.18731,1.18761,0.00029999999999996696,0,1769461838057
2026-01-27 04:10:38,EURUSD.s,1.18733,1.18763,0.00029999999999996696,0,1769461838513
2026-01-27 04:10:39,EURUSD.s,1.18734,1.18764,0.00029999999999996696,0,1769461839169
2026-01-27 04:10:39,EURUSD.s,1.18734,1.18764,0.00029999999999996696,0,1769461839631
2026-01-27 04:10:40,EURUSD.s,1.18733,1.18763,0.00029999999999996696,0,1769461840079
2026-01-27 04:10:40,EURUSD.s,1.18734,1.18764,0.00029999999999996696,0,1769461840619
2026-01-27 04:10:41,EURUSD.s,1.18734,1.18764,0.00029999999999996696,0,1769461841124
2026-01-27 04:10:41,EURUSD.s,1.18735,1.18765,0.000300000000000189,0,1769461841719
2026-01-27 04:10:41,EURUSD.s,1.18735,1.18765,0.000300000000000189,0,1769461841719
2026-01-27 04:10:43,EURUSD.s,1.18735,1.18765,0.000300000000000189,0,1769461843091
2026-01-27 04:10:43,EURUSD.s,1.18735,1.18765,0.000300000000000189,0,1769461843091
2026-01-27 04:10:43,EURUSD.s,1.18735,1.18765,0.000300000000000189,0,1769461843653
2026-01-27 04:10:43,EURUSD.s,1.18735,1.18765,0.000300000000000189,0,1769461843653
2026-01-27 04:10:45,EURUSD.s,1.18735,1.18765,0.000300000000000189,0,1769461845323
2026-01-27 04:10:45,EURUSD.s,1.18734,1.18764,0.00029999999999996696,0,1769461845824
2026-01-27 04:10:46,EURUSD.s,1.18734,1.18764,0.00029999999999996696,0,1769461846162
2026-01-27 04:10:46,EURUSD.s,1.18733,1.18763,0.00029999999999996696,0,1769461846777
2026-01-27 04:10:47,EURUSD.s,1.18733,1.18763,0.00029999999999996696,0,1769461847540
2026-01-27 04:10:47,EURUSD.s,1.18733,1.18763,0.00029999999999996696,0,1769461847702
2026-01-27 04:10:48,EURUSD.s,1.18733,1.18763,0.00029999999999996696,0,1769461848586
2026-01-27 04:10:48,EURUSD.s,1.18733,1.18763,0.00029999999999996696,0,1769461848586
2026-01-27 04:10:48,EURUSD.s,1.18733,1.18763,0.00029999999999996696,0,1769461848586
2026-01-27 04:10:50,EURUSD.s,1.18733,1.18763,0.00029999999999996696,0,1769461850167
2026-01-27 04:10:50,EURUSD.s,1.18732,1.18762,0.00029999999999996696,0,1769461850681
2026-01-27 04:10:50,EURUSD.s,1.18732,1.18762,0.00029999999999996696,0,1769461850681
2026-01-27 04:10:51,EURUSD.s,1.18732,1.18762,0.00029999999999996696,0,1769461851610
2026-01-27 04:10:52,EURUSD.s,1.18733,1.18763,0.00029999999999996696,0,1769461852572
2026-01-27 04:10:52,EURUSD.s,1.18733,1.18763,0.00029999999999996696,0,1769461852572
2026-01-27 04:10:53,EURUSD.s,1.18733,1.18763,0.00029999999999996696,0,1769461853605
2026-01-27 04:10:54,EURUSD.s,1.18733,1.18763,0.00029999999999996696,0,1769461854166
2026-01-27 04:10:54,EURUSD.s,1.18733,1.18763,0.00029999999999996696,0,1769461854785
2026-01-27 04:10:54,EURUSD.s,1.18733,1.18763,0.00029999999999996696,0,1769461854785
2026-01-27 04:10:55,EURUSD.s,1.18733,1.18763,0.00029999999999996696,0,1769461855773
2026-01-27 04:10:56,EURUSD.s,1.18733,1.18763,0.00029999999999996696,0,1769461856363
2026-01-27 04:10:56,EURUSD.s,1.18733,1.18763,0.00029999999999996696,0,1769461856363
2026-01-27 04:10:57,EURUSD.s,1.18733,1.18763,0.00029999999999996696,0,1769461857535
2026-01-27 04:10:57,EURUSD.s,1.18733,1.18763,0.00029999999999996696,0,1769461857535
2026-01-27 04:10:58,EURUSD.s,1.18733,1.18763,0.00029999999999996696,0,1769461858487
2026-01-27 04:10:59,EURUSD.s,1.18729,1.18759,0.00029999999999996696,0,1769461859349
2026-01-27 04:10:59,EURUSD.s,1.18729,1.18759,0.00029999999999996696,0,1769461859847
2026-01-27 04:11:00,EURUSD.s,1.18733,1.18763,0.00029999999999996696,0,1769461860474
2026-01-27 04:11:01,EURUSD.s,1.18733,1.18763,0.00029999999999996696,0,1769461861053
2026-01-27 04:11:01,EURUSD.s,1.18733,1.18763,0.00029999999999996696,0,1769461861580
2026-01-27 04:11:01,EURUSD.s,1.18733,1.18763,0.00029999999999996696,0,1769461861834
2026-01-27 04:11:01,EURUSD.s,1.18733,1.18763,0.00029999999999996696,0,1769461861834
2026-01-27 04:11:03,EURUSD.s,1.18735,1.18765,0.000300000000000189,0,1769461863231
2026-01-27 04:11:03,EURUSD.s,1.18735,1.18765,0.000300000000000189,0,1769461863231
2026-01-27 04:11:04,EURUSD.s,1.18735,1.18765,0.000300000000000189,0,1769461864365
2026-01-27 04:11:04,EURUSD.s,1.18737,1.18767,0.00029999999999996696,0,1769461864950
2026-01-27 04:11:05,EURUSD.s,1.18737,1.18767,0.00029999999999996696,0,1769461865183
2026-01-27 04:11:06,EURUSD.s,1.18735,1.18765,0.000300000000000189,0,1769461866111
2026-01-27 04:11:06,EURUSD.s,1.18735,1.18765,0.000300000000000189,0,1769461866303
2026-01-27 04:11:07,EURUSD.s,1.18735,1.18765,0.000300000000000189,0,1769461867154
2026-01-27 04:11:07,EURUSD.s,1.18736,1.18766,0.00029999999999996696,0,1769461867711
2026-01-27 04:11:08,EURUSD.s,1.18735,1.18765,0.000300000000000189,0,1769461868166
2026-01-27 04:11:08,EURUSD.s,1.18735,1.18765,0.000300000000000189,0,1769461868166
2026-01-27 04:11:09,EURUSD.s,1.18735,1.18765,0.000300000000000189,0,1769461869463
2026-01-27 04:11:10,EURUSD.s,1.18734,1.18764,0.00029999999999996696,0,1769461870025
2026-01-27 04:11:10,EURUSD.s,1.18734,1.18764,0.00029999999999996696,0,1769461870385
2026-01-27 04:11:10,EURUSD.s,1.18734,1.18764,0.00029999999999996696,0,1769461870385
2026-01-27 04:11:11,EURUSD.s,1.18733,1.18763,0.00029999999999996696,0,1769461871698
2026-01-27 04:11:11,EURUSD.s,1.18733,1.18763,0.00029999999999996696,0,1769461871941
2026-01-27 04:11:12,EURUSD.s,1.18731,1.18761,0.00029999999999996696,0,1769461872538
2026-01-27 04:11:13,EURUSD.s,1.18731,1.18761,0.00029999999999996696,0,1769461873542
2026-01-27 04:11:14,EURUSD.s,1.18731,1.18761,0.00029999999999996696,0,1769461874336
2026-01-27 04:11:14,EURUSD.s,1.18731,1.18761,0.00029999999999996696,0,1769461874698
2026-01-27 04:11:15,EURUSD.s,1.18733,1.18763,0.00029999999999996696,0,1769461875503
2026-01-27 04:11:16,EURUSD.s,1.18735,1.18765,0.000300000000000189,0,1769461876050
2026-01-27 04:11:16,EURUSD.s,1.18735,1.18765,0.000300000000000189,0,1769461876256
2026-01-27 04:11:17,EURUSD.s,1.18733,1.18763,0.00029999999999996696,0,1769461877165
2026-01-27 04:11:17,EURUSD.s,1.18729,1.18759,0.00029999999999996696,0,1769461877812
2026-01-27 04:11:18,EURUSD.s,1.1873,1.1876,0.00029999999999996696,0,1769461878366
2026-01-27 04:11:18,EURUSD.s,1.1873,1.1876,0.00029999999999996696,0,1769461878731
2026-01-27 04:11:19,EURUSD.s,1.1873,1.1876,0.00029999999999996696,0,1769461879372
2026-01-27 04:11:19,EURUSD.s,1.18732,1.18762,0.00029999999999996696,0,1769461879880
2026-01-27 04:11:20,EURUSD.s,1.1873,1.1876,0.00029999999999996696,0,1769461880551
2026-01-27 04:11:21,EURUSD.s,1.18732,1.18762,0.00029999999999996696,0,1769461881167
2026-01-27 04:11:21,EURUSD.s,1.18733,1.18763,0.00029999999999996696,0,1769461881655
2026-01-27 04:11:22,EURUSD.s,1.18733,1.18763,0.00029999999999996696,0,1769461882298
2026-01-27 04:11:22,EURUSD.s,1.18733,1.18763,0.00029999999999996696,0,1769461882689
2026-01-27 04:11:23,EURUSD.s,1.18732,1.18762,0.00029999999999996696,0,1769461883400
2026-01-27 04:11:23,EURUSD.s,1.18731,1.18761,0.00029999999999996696,0,1769461883620
2026-01-27 04:11:23,EURUSD.s,1.18731,1.18761,0.00029999999999996696,0,1769461883620
2026-01-27 04:11:25,EURUSD.s,1.18732,1.18762,0.00029999999999996696,0,1769461885165
2026-01-27 04:11:25,EURUSD.s,1.18732,1.18762,0.00029999999999996696,0,1769461885758
2026-01-27 04:11:26,EURUSD.s,1.18732,1.18762,0.00029999999999996696,0,1769461886103
2026-01-27 04:11:26,EURUSD.s,1.18731,1.18761,0.00029999999999996696,0,1769461886857
2026-01-27 04:11:27,EURUSD.s,1.18732,1.18762,0.00029999999999996696,0,1769461887338
2026-01-27 04:11:28,EURUSD.s,1.18735,1.18765,0.000300000000000189,0,1769461888016
2026-01-27 04:11:28,EURUSD.s,1.18737,1.18767,0.00029999999999996696,0,1769461888425
2026-01-27 04:11:29,EURUSD.s,1.18736,1.18766,0.00029999999999996696,0,1769461889084
2026-01-27 04:11:29,EURUSD.s,1.18736,1.18766,0.00029999999999996696,0,1769461889266
2026-01-27 04:11:30,EURUSD.s,1.18737,1.18767,0.00029999999999996696,0,1769461890299
2026-01-27 04:11:30,EURUSD.s,1.18737,1.18767,0.00029999999999996696,0,1769461890609
2026-01-27 04:11:31,EURUSD.s,1.18738,1.18768,0.00029999999999996696,0,1769461891435
2026-01-27 04:11:31,EURUSD.s,1.18738,1.18768,0.00029999999999996696,0,1769461891640
2026-01-27 04:11:32,EURUSD.s,1.18736,1.18766,0.00029999999999996696,0,1769461892531
2026-01-27 04:11:33,EURUSD.s,1.18736,1.18766,0.00029999999999996696,0,1769461893177
2026-01-27 04:11:33,EURUSD.s,1.18736,1.18766,0.00029999999999996696,0,1769461893680
2026-01-27 04:11:34,EURUSD.s,1.18737,1.18767,0.00029999999999996696,0,1769461894234
2026-01-27 04:11:34,EURUSD.s,1.18737,1.18767,0.00029999999999996696,0,1769461894710
2026-01-27 04:11:35,EURUSD.s,1.18737,1.18767,0.00029999999999996696,0,1769461895078
2026-01-27 04:11:36,EURUSD.s,1.18736,1.18766,0.00029999999999996696,0,1769461896151
2026-01-27 04:11:36,EURUSD.s,1.18737,1.18767,0.00029999999999996696,0,1769461896601
2026-01-27 04:11:36,EURUSD.s,1.18737,1.18767,0.00029999999999996696,0,1769461896601
2026-01-27 04:11:37,EURUSD.s,1.18737,1.18767,0.00029999999999996696,0,1769461897837
2026-01-27 04:11:38,EURUSD.s,1.18737,1.18767,0.00029999999999996696,0,1769461898274
2026-01-27 04:11:38,EURUSD.s,1.18737,1.18767,0.00029999999999996696,0,1769461898609
2026-01-27 04:11:39,EURUSD.s,1.18738,1.18768,0.00029999999999996696,0,1769461899577
2026-01-27 04:11:40,EURUSD.s,1.18738,1.18768,0.00029999999999996696,0,1769461900054
2026-01-27 04:11:40,EURUSD.s,1.18738,1.18768,0.00029999999999996696,0,1769461900054
2026-01-27 04:11:40,EURUSD.s,1.18738,1.18768,0.00029999999999996696,0,1769461900054
2026-01-27 04:11:41,EURUSD.s,1.18738,1.18768,0.00029999999999996696,0,1769461901422
2026-01-27 04:11:42,EURUSD.s,1.18738,1.18768,0.00029999999999996696,0,1769461902124
2026-01-27 04:11:42,EURUSD.s,1.18739,1.18769,0.00029999999999996696,0,1769461902955
2026-01-27 04:11:43,EURUSD.s,1.18739,1.18769,0.00029999999999996696,0,1769461903532
2026-01-27 04:11:43,EURUSD.s,1.18739,1.18769,0.00029999999999996696,0,1769461903986
2026-01-27 04:11:44,EURUSD.s,1.18738,1.18768,0.00029999999999996696,0,1769461904517
2026-01-27 04:11:45,EURUSD.s,1.18738,1.18768,0.00029999999999996696,0,1769461905161
2026-01-27 04:11:46,EURUSD.s,1.18737,1.18767,0.00029999999999996696,0,1769461906081
2026-01-27 04:11:46,EURUSD.s,1.18738,1.18768,0.00029999999999996696,0,1769461906656
2026-01-27 04:11:46,EURUSD.s,1.18738,1.18768,0.00029999999999996696,0,1769461906656
2026-01-27 04:11:47,EURUSD.s,1.18738,1.18768,0.00029999999999996696,0,1769461907799
2026-01-27 04:11:48,EURUSD.s,1.18738,1.18768,0.00029999999999996696,0,1769461908155
2026-01-27 04:11:48,EURUSD.s,1.18736,1.18766,0.00029999999999996696,0,1769461908892
2026-01-27 04:11:49,EURUSD.s,1.18736,1.18766,0.00029999999999996696,0,1769461909134
2026-01-27 04:11:49,EURUSD.s,1.18736,1.18766,0.00029999999999996696,0,1769461909731
2026-01-27 04:11:49,EURUSD.s,1.18736,1.18766,0.00029999999999996696,0,1769461909731
2026-01-27 04:11:49,EURUSD.s,1.18736,1.18766,0.00029999999999996696,0,1769461909731
2026-01-27 04:11:51,EURUSD.s,1.18737,1.18767,0.00029999999999996696,0,1769461911724
2026-01-27 04:11:52,EURUSD.s,1.18737,1.18767,0.00029999999999996696,0,1769461912153
2026-01-27 04:11:52,EURUSD.s,1.18736,1.18766,0.00029999999999996696,0,1769461912696
2026-01-27 04:11:53,EURUSD.s,1.18733,1.18763,0.00029999999999996696,0,1769461913382
2026-01-27 04:11:53,EURUSD.s,1.18732,1.18762,0.00029999999999996696,0,1769461913734
2026-01-27 04:11:54,EURUSD.s,1.18732,1.18762,0.00029999999999996696,0,1769461914574
2026-01-27 04:11:55,EURUSD.s,1.18732,1.18762,0.00029999999999996696,0,1769461915100
2026-01-27 04:11:55,EURUSD.s,1.18732,1.18762,0.00029999999999996696,0,1769461915476
2026-01-27 04:11:56,EURUSD.s,1.18732,1.18762,0.00029999999999996696,0,1769461916053
2026-01-27 04:11:56,EURUSD.s,1.18732,1.18762,0.00029999999999996696,0,1769461916742
2026-01-27 04:11:56,EURUSD.s,1.18732,1.18762,0.00029999999999996696,0,1769461916742
2026-01-27 04:11:57,EURUSD.s,1.18733,1.18763,0.00029999999999996696,0,1769461917886
2026-01-27 04:11:58,EURUSD.s,1.18733,1.18763,0.00029999999999996696,0,1769461918504
2026-01-27 04:11:59,EURUSD.s,1.18735,1.18765,0.000300000000000189,0,1769461919027
2026-01-27 04:11:59,EURUSD.s,1.18735,1.18765,0.000300000000000189,0,1769461919668
2026-01-27 04:12:00,EURUSD.s,1.18728,1.18758,0.000300000000000189,0,1769461920169
2026-01-27 04:12:00,EURUSD.s,1.18728,1.18758,0.000300000000000189,0,1769461920825
2026-01-27 04:12:01,EURUSD.s,1.18728,1.18758,0.000300000000000189,0,1769461921331
2026-01-27 04:12:02,EURUSD.s,1.18725,1.1875499999999999,0.00029999999999996696,0,1769461922015
2026-01-27 04:12:02,EURUSD.s,1.18725,1.1875499999999999,0.00029999999999996696,0,1769461922576
2026-01-27 04:12:02,EURUSD.s,1.18725,1.1875499999999999,0.00029999999999996696,0,1769461922786
2026-01-27 04:12:03,EURUSD.s,1.18726,1.18756,0.00029999999999996696,0,1769461923586
2026-01-27 04:12:04,EURUSD.s,1.18727,1.18757,0.00029999999999996696,0,1769461924251
2026-01-27 04:12:04,EURUSD.s,1.18725,1.1875499999999999,0.00029999999999996696,0,1769461924798
2026-01-27 04:12:05,EURUSD.s,1.18725,1.1875499999999999,0.00029999999999996696,0,1769461925031
2026-01-27 04:12:05,EURUSD.s,1.18725,1.1875499999999999,0.00029999999999996696,0,1769461925639
2026-01-27 04:12:06,EURUSD.s,1.18727,1.18757,0.00029999999999996696,0,1769461926495
2026-01-27 04:12:06,EURUSD.s,1.18726,1.18756,0.00029999999999996696,0,1769461926971
2026-01-27 04:12:07,EURUSD.s,1.18726,1.18756,0.00029999999999996696,0,1769461927389
2026-01-27 04:12:08,EURUSD.s,1.18726,1.18756,0.00029999999999996696,0,1769461928111
2026-01-27 04:12:08,EURUSD.s,1.18726,1.18756,0.00029999999999996696,0,1769461928111
2026-01-27 04:12:08,EURUSD.s,1.18726,1.18756,0.00029999999999996696,0,1769461928111
2026-01-27 04:12:08,EURUSD.s,1.18726,1.18756,0.00029999999999996696,0,1769461928111
2026-01-27 04:12:10,EURUSD.s,1.18727,1.18757,0.00029999999999996696,0,1769461930296
2026-01-27 04:12:10,EURUSD.s,1.18727,1.18757,0.00029999999999996696,0,1769461930822
2026-01-27 04:12:11,EURUSD.s,1.1873,1.1876,0.00029999999999996696,0,1769461931500
2026-01-27 04:12:11,EURUSD.s,1.18729,1.18759,0.00029999999999996696,0,1769461931914
2026-01-27 04:12:12,EURUSD.s,1.18728,1.18758,0.000300000000000189,0,1769461932402
2026-01-27 04:12:13,EURUSD.s,1.18728,1.18758,0.000300000000000189,0,1769461933164
2026-01-27 04:12:14,EURUSD.s,1.18728,1.18758,0.000300000000000189,0,1769461934129
2026-01-27 04:12:14,EURUSD.s,1.18728,1.18758,0.000300000000000189,0,1769461934956
2026-01-27 04:12:15,EURUSD.s,1.18728,1.18758,0.000300000000000189,0,1769461935215
2026-01-27 04:12:15,EURUSD.s,1.18725,1.1875499999999999,0.00029999999999996696,0,1769461935985
2026-01-27 04:12:16,EURUSD.s,1.18726,1.18756,0.00029999999999996696,0,1769461936187
2026-01-27 04:12:16,EURUSD.s,1.18726,1.18756,0.00029999999999996696,0,1769461936829
2026-01-27 04:12:17,EURUSD.s,1.18726,1.18756,0.00029999999999996696,0,1769461937361
2026-01-27 04:12:18,EURUSD.s,1.18727,1.18757,0.00029999999999996696,0,1769461938027
2026-01-27 04:12:18,EURUSD.s,1.18728,1.18758,0.000300000000000189,0,1769461938961
2026-01-27 04:12:18,EURUSD.s,1.18728,1.18758,0.000300000000000189,0,1769461938961
2026-01-27 04:12:19,EURUSD.s,1.18729,1.18759,0.00029999999999996696,0,1769461939990
2026-01-27 04:12:20,EURUSD.s,1.18729,1.18759,0.00029999999999996696,0,1769461940637
2026-01-27 04:12:21,EURUSD.s,1.18728,1.18758,0.000300000000000189,0,1769461941007
2026-01-27 04:12:21,EURUSD.s,1.18724,1.18754,0.00029999999999996696,0,1769461941738
2026-01-27 04:12:22,EURUSD.s,1.18724,1.18754,0.00029999999999996696,0,1769461942377
2026-01-27 04:12:22,EURUSD.s,1.18724,1.18754,0.00029999999999996696,0,1769461942899
2026-01-27 04:12:22,EURUSD.s,1.18724,1.18754,0.00029999999999996696,0,1769461942945
2026-01-27 04:12:24,EURUSD.s,1.18724,1.18754,0.00029999999999996696,0,1769461944055
2026-01-27 04:12:24,EURUSD.s,1.18722,1.18752,0.00029999999999996696,0,1769461944344
2026-01-27 04:12:24,EURUSD.s,1.18722,1.18752,0.00029999999999996696,0,1769461944899
2026-01-27 04:12:24,EURUSD.s,1.18722,1.18752,0.00029999999999996696,0,1769461944899
2026-01-27 04:12:24,EURUSD.s,1.18722,1.18752,0.00029999999999996696,0,1769461944899
2026-01-27 04:12:24,EURUSD.s,1.18722,1.18752,0.00029999999999996696,0,1769461944899
2026-01-27 04:12:27,EURUSD.s,1.18722,1.18752,0.00029999999999996696,0,1769461947191
2026-01-27 04:12:28,EURUSD.s,1.18722,1.18752,0.00029999999999996696,0,1769461948006
2026-01-27 04:12:28,EURUSD.s,1.18722,1.18752,0.00029999999999996696,0,1769461948289
2026-01-27 04:12:28,EURUSD.s,1.18722,1.18752,0.00029999999999996696,0,1769461948964
2026-01-27 04:12:29,EURUSD.s,1.18722,1.18752,0.00029999999999996696,0,1769461949562
2026-01-27 04:12:30,EURUSD.s,1.18722,1.18752,0.00029999999999996696,0,1769461950263
2026-01-27 04:12:30,EURUSD.s,1.18722,1.18752,0.00029999999999996696,0,1769461950543
2026-01-27 04:12:30,EURUSD.s,1.18722,1.18752,0.00029999999999996696,0,1769461950543
2026-01-27 04:12:30,EURUSD.s,1.18722,1.18752,0.00029999999999996696,0,1769461950543
2026-01-27 04:12:32,EURUSD.s,1.18723,1.18753,0.00029999999999996696,0,1769461952331
2026-01-27 04:12:33,EURUSD.s,1.18723,1.18753,0.00029999999999996696,0,1769461953042
2026-01-27 04:12:33,EURUSD.s,1.18723,1.18753,0.00029999999999996696,0,1769461953651
2026-01-27 04:12:34,EURUSD.s,1.18723,1.18753,0.00029999999999996696,0,1769461954051
2026-01-27 04:12:34,EURUSD.s,1.18723,1.18753,0.00029999999999996696,0,1769461954703
2026-01-27 04:12:35,EURUSD.s,1.18723,1.18753,0.00029999999999996696,0,1769461955379
2026-01-27 04:12:35,EURUSD.s,1.18723,1.18753,0.00029999999999996696,0,1769461955861
2026-01-27 04:12:35,EURUSD.s,1.18723,1.18753,0.00029999999999996696,0,1769461955861
2026-01-27 04:12:36,EURUSD.s,1.18723,1.18753,0.00029999999999996696,0,1769461956659
2026-01-27 04:12:36,EURUSD.s,1.18723,1.18753,0.00029999999999996696,0,1769461956659
2026-01-27 04:12:36,EURUSD.s,1.18723,1.18753,0.00029999999999996696,0,1769461956659
2026-01-27 04:12:38,EURUSD.s,1.18723,1.18753,0.00029999999999996696,0,1769461958768
2026-01-27 04:12:39,EURUSD.s,1.18723,1.18753,0.00029999999999996696,0,1769461959305
2026-01-27 04:12:39,EURUSD.s,1.18723,1.18753,0.00029999999999996696,0,1769461959904
2026-01-27 04:12:40,EURUSD.s,1.18723,1.18753,0.00029999999999996696,0,1769461960410
2026-01-27 04:12:41,EURUSD.s,1.18723,1.18753,0.00029999999999996696,0,1769461961020
2026-01-27 04:12:41,EURUSD.s,1.18723,1.18753,0.00029999999999996696,0,1769461961806
2026-01-27 04:12:41,EURUSD.s,1.18723,1.18753,0.00029999999999996696,0,1769461961806
2026-01-27 04:12:42,EURUSD.s,1.1872099999999999,1.18751,0.000300000000000189,0,1769461962668
2026-01-27 04:12:42,EURUSD.s,1.1872099999999999,1.18751,0.000300000000000189,0,1769461962668
2026-01-27 04:12:43,EURUSD.s,1.18722,1.18752,0.00029999999999996696,0,1769461963905
2026-01-27 04:12:44,EURUSD.s,1.1872099999999999,1.18751,0.000300000000000189,0,1769461964477
2026-01-27 04:12:44,EURUSD.s,1.1872099999999999,1.18751,0.000300000000000189,0,1769461964477
2026-01-27 04:12:45,EURUSD.s,1.18722,1.18752,0.00029999999999996696,0,1769461965525
2026-01-27 04:12:46,EURUSD.s,1.18723,1.18753,0.00029999999999996696,0,1769461966390
2026-01-27 04:12:46,EURUSD.s,1.18723,1.18753,0.00029999999999996696,0,1769461966952
2026-01-27 04:12:47,EURUSD.s,1.18724,1.18754,0.00029999999999996696,0,1769461967526
2026-01-27 04:12:47,EURUSD.s,1.18724,1.18754,0.00029999999999996696,0,1769461967743
2026-01-27 04:12:48,EURUSD.s,1.18724,1.18754,0.00029999999999996696,0,1769461968498
2026-01-27 04:12:49,EURUSD.s,1.18724,1.18754,0.00029999999999996696,0,1769461969172
2026-01-27 04:12:49,EURUSD.s,1.18724,1.18754,0.00029999999999996696,0,1769461969172
2026-01-27 04:12:49,EURUSD.s,1.18724,1.18754,0.00029999999999996696,0,1769461969172
2026-01-27 04:12:49,EURUSD.s,1.18724,1.18754,0.00029999999999996696,0,1769461969172
2026-01-27 04:12:49,EURUSD.s,1.18724,1.18754,0.00029999999999996696,0,1769461969172
2026-01-27 04:12:51,EURUSD.s,1.18726,1.18756,0.00029999999999996696,0,1769461971864
2026-01-27 04:12:52,EURUSD.s,1.18725,1.1875499999999999,0.00029999999999996696,0,1769461972533
2026-01-27 04:12:52,EURUSD.s,1.18724,1.18754,0.00029999999999996696,0,1769461972919
2026-01-27 04:12:53,EURUSD.s,1.18724,1.18754,0.00029999999999996696,0,1769461973759
2026-01-27 04:12:53,EURUSD.s,1.18724,1.18754,0.00029999999999996696,0,1769461973811
2026-01-27 04:12:54,EURUSD.s,1.18725,1.1875499999999999,0.00029999999999996696,0,1769461974801
2026-01-27 04:12:55,EURUSD.s,1.18724,1.18754,0.00029999999999996696,0,1769461975483
2026-01-27 04:12:55,EURUSD.s,1.18724,1.18754,0.00029999999999996696,0,1769461975483
2026-01-27 04:12:55,EURUSD.s,1.18724,1.18754,0.00029999999999996696,0,1769461975483
2026-01-27 04:12:55,EURUSD.s,1.18724,1.18754,0.00029999999999996696,0,1769461975483
2026-01-27 04:12:55,EURUSD.s,1.18724,1.18754,0.00029999999999996696,0,1769461975483
2026-01-27 04:12:55,EURUSD.s,1.18724,1.18754,0.00029999999999996696,0,1769461975483
2026-01-27 04:12:58,EURUSD.s,1.18724,1.18754,0.00029999999999996696,0,1769461978900
2026-01-27 04:12:59,EURUSD.s,1.18723,1.18753,0.00029999999999996696,0,1769461979324
2026-01-27 04:13:00,EURUSD.s,1.18723,1.18753,0.00029999999999996696,0,1769461980036
2026-01-27 04:13:00,EURUSD.s,1.18723,1.18753,0.00029999999999996696,0,1769461980266
2026-01-27 04:13:00,EURUSD.s,1.18724,1.18754,0.00029999999999996696,0,1769461980832
2026-01-27 04:13:01,EURUSD.s,1.18725,1.1875499999999999,0.00029999999999996696,0,1769461981434
2026-01-27 04:13:01,EURUSD.s,1.18724,1.18754,0.00029999999999996696,0,1769461981968
2026-01-27 04:13:01,EURUSD.s,1.18724,1.18754,0.00029999999999996696,0,1769461981968
2026-01-27 04:13:01,EURUSD.s,1.18724,1.18754,0.00029999999999996696,0,1769461981968
2026-01-27 04:13:01,EURUSD.s,1.18724,1.18754,0.00029999999999996696,0,1769461981968
2026-01-27 04:13:01,EURUSD.s,1.18724,1.18754,0.00029999999999996696,0,1769461981968
2026-01-27 04:13:04,EURUSD.s,1.18724,1.18754,0.00029999999999996696,0,1769461984925
2026-01-27 04:13:04,EURUSD.s,1.18724,1.18754,0.00029999999999996696,0,1769461984925
2026-01-27 04:13:06,EURUSD.s,1.18724,1.18754,0.00029999999999996696,0,1769461986358
2026-01-27 04:13:06,EURUSD.s,1.18724,1.18754,0.00029999999999996696,0,1769461986841
2026-01-27 04:13:07,EURUSD.s,1.18724,1.18754,0.00029999999999996696,0,1769461987139
2026-01-27 04:13:07,EURUSD.s,1.18724,1.18754,0.00029999999999996696,0,1769461987965
2026-01-27 04:13:08,EURUSD.s,1.18726,1.18756,0.00029999999999996696,0,1769461988623
2026-01-27 04:13:09,EURUSD.s,1.18729,1.18759,0.00029999999999996696,0,1769461989187
2026-01-27 04:13:09,EURUSD.s,1.1873,1.1876,0.00029999999999996696,0,1769461989759
2026-01-27 04:13:10,EURUSD.s,1.1873,1.1876,0.00029999999999996696,0,1769461990108
2026-01-27 04:13:10,EURUSD.s,1.1873,1.1876,0.00029999999999996696,0,1769461990823
2026-01-27 04:13:10,EURUSD.s,1.1873,1.1876,0.00029999999999996696,0,1769461990823
2026-01-27 04:13:12,EURUSD.s,1.1873,1.1876,0.00029999999999996696,0,1769461992054
2026-01-27 04:13:12,EURUSD.s,1.18729,1.18759,0.00029999999999996696,0,1769461992599
2026-01-27 04:13:12,EURUSD.s,1.18729,1.18759,0.00029999999999996696,0,1769461992899
2026-01-27 04:13:13,EURUSD.s,1.18729,1.18759,0.00029999999999996696,0,1769461993766
2026-01-27 04:13:14,EURUSD.s,1.1873,1.1876,0.00029999999999996696,0,1769461994016
2026-01-27 04:13:14,EURUSD.s,1.1873,1.1876,0.00029999999999996696,0,1769461994685
2026-01-27 04:13:15,EURUSD.s,1.1873,1.1876,0.00029999999999996696,0,1769461995634
2026-01-27 04:13:15,EURUSD.s,1.1873,1.1876,0.00029999999999996696,0,1769461995634
2026-01-27 04:13:15,EURUSD.s,1.1873,1.1876,0.00029999999999996696,0,1769461995634
2026-01-27 04:13:15,EURUSD.s,1.1873,1.1876,0.00029999999999996696,0,1769461995634
2026-01-27 04:13:15,EURUSD.s,1.1873,1.1876,0.00029999999999996696,0,1769461995634
2026-01-27 04:13:15,EURUSD.s,1.1873,1.1876,0.00029999999999996696,0,1769461995634
2026-01-27 04:13:15,EURUSD.s,1.1873,1.1876,0.00029999999999996696,0,1769461995634
2026-01-27 04:13:19,EURUSD.s,1.1873,1.1876,0.00029999999999996696,0,1769461999732
2026-01-27 04:13:19,EURUSD.s,1.1873,1.1876,0.00029999999999996696,0,1769461999732
2026-01-27 04:13:20,EURUSD.s,1.18732,1.18762,0.00029999999999996696,0,1769462000936
2026-01-27 04:13:21,EURUSD.s,1.18732,1.18762,0.00029999999999996696,0,1769462001409
2026-01-27 04:13:21,EURUSD.s,1.18732,1.18762,0.00029999999999996696,0,1769462001716
2026-01-27 04:13:22,EURUSD.s,1.18732,1.18762,0.00029999999999996696,0,1769462002625
2026-01-27 04:13:23,EURUSD.s,1.1873,1.1876,0.00029999999999996696,0,1769462003236
2026-01-27 04:13:23,EURUSD.s,1.1873,1.1876,0.00029999999999996696,0,1769462003236
2026-01-27 04:13:24,EURUSD.s,1.1873,1.1876,0.00029999999999996696,0,1769462004265
2026-01-27 04:13:24,EURUSD.s,1.1873,1.1876,0.00029999999999996696,0,1769462004265
2026-01-27 04:13:25,EURUSD.s,1.1873,1.1876,0.00029999999999996696,0,1769462005357
2026-01-27 04:13:26,EURUSD.s,1.18729,1.18759,0.00029999999999996696,0,1769462006001
2026-01-27 04:13:26,EURUSD.s,1.18729,1.18759,0.00029999999999996696,0,1769462006691
2026-01-27 04:13:26,EURUSD.s,1.18729,1.18759,0.00029999999999996696,0,1769462006977
2026-01-27 04:13:26,EURUSD.s,1.18729,1.18759,0.00029999999999996696,0,1769462006977
2026-01-27 04:13:26,EURUSD.s,1.18729,1.18759,0.00029999999999996696,0,1769462006977
2026-01-27 04:13:26,EURUSD.s,1.18729,1.18759,0.00029999999999996696,0,1769462006977
2026-01-27 04:13:29,EURUSD.s,1.1873,1.1876,0.00029999999999996696,0,1769462009768
2026-01-27 04:13:29,EURUSD.s,1.1873,1.1876,0.00029999999999996696,0,1769462009768
2026-01-27 04:13:30,EURUSD.s,1.1873,1.1876,0.00029999999999996696,0,1769462010904
2026-01-27 04:13:30,EURUSD.s,1.1873,1.1876,0.00029999999999996696,0,1769462010904
2026-01-27 04:13:30,EURUSD.s,1.1873,1.1876,0.00029999999999996696,0,1769462010904
2026-01-27 04:13:32,EURUSD.s,1.18731,1.18761,0.00029999999999996696,0,1769462012449
2026-01-27 04:13:32,EURUSD.s,1.18732,1.18762,0.00029999999999996696,0,1769462012926
2026-01-27 04:13:33,EURUSD.s,1.18731,1.18761,0.00029999999999996696,0,1769462013658
2026-01-27 04:13:34,EURUSD.s,1.18732,1.18762,0.00029999999999996696,0,1769462014276
2026-01-27 04:13:34,EURUSD.s,1.18732,1.18762,0.00029999999999996696,0,1769462014757
2026-01-27 04:13:35,EURUSD.s,1.18732,1.18762,0.00029999999999996696,0,1769462015191
2026-01-27 04:13:35,EURUSD.s,1.18732,1.18762,0.00029999999999996696,0,1769462015876
2026-01-27 04:13:36,EURUSD.s,1.18732,1.18762,0.00029999999999996696,0,1769462016567
2026-01-27 04:13:37,EURUSD.s,1.18729,1.18759,0.00029999999999996696,0,1769462017144
2026-01-27 04:13:37,EURUSD.s,1.18729,1.18759,0.00029999999999996696,0,1769462017596
2026-01-27 04:13:38,EURUSD.s,1.18729,1.18759,0.00029999999999996696,0,1769462018141
2026-01-27 04:13:38,EURUSD.s,1.18729,1.18759,0.00029999999999996696,0,1769462018661
2026-01-27 04:13:38,EURUSD.s,1.18729,1.18759,0.00029999999999996696,0,1769462018661
2026-01-27 04:13:39,EURUSD.s,1.18728,1.18758,0.000300000000000189,0,1769462019605
2026-01-27 04:13:40,EURUSD.s,1.18729,1.18759,0.00029999999999996696,0,1769462020612
2026-01-27 04:13:40,EURUSD.s,1.18729,1.18759,0.00029999999999996696,0,1769462020612
2026-01-27 04:13:40,EURUSD.s,1.18729,1.18759,0.00029999999999996696,0,1769462020612
2026-01-27 04:13:42,EURUSD.s,1.18729,1.18759,0.00029999999999996696,0,1769462022326
2026-01-27 04:13:43,EURUSD.s,1.18724,1.18754,0.00029999999999996696,0,1769462023044
2026-01-27 04:13:43,EURUSD.s,1.18725,1.1875499999999999,0.00029999999999996696,0,1769462023504
2026-01-27 04:13:44,EURUSD.s,1.18724,1.18754,0.00029999999999996696,0,1769462024011
2026-01-27 04:13:44,EURUSD.s,1.18724,1.18754,0.00029999999999996696,0,1769462024782
2026-01-27 04:13:44,EURUSD.s,1.18724,1.18754,0.00029999999999996696,0,1769462024851
2026-01-27 04:13:44,EURUSD.s,1.18724,1.18754,0.00029999999999996696,0,1769462024851
2026-01-27 04:13:44,EURUSD.s,1.18724,1.18754,0.00029999999999996696,0,1769462024851
2026-01-27 04:13:44,EURUSD.s,1.18724,1.18754,0.00029999999999996696,0,1769462024851
2026-01-27 04:13:47,EURUSD.s,1.18724,1.18754,0.00029999999999996696,0,1769462027472
2026-01-27 04:13:47,EURUSD.s,1.18724,1.18754,0.00029999999999996696,0,1769462027472
2026-01-27 04:13:48,EURUSD.s,1.18724,1.18754,0.00029999999999996696,0,1769462028688
2026-01-27 04:13:48,EURUSD.s,1.18725,1.1875499999999999,0.00029999999999996696,0,1769462028989
2026-01-27 04:13:48,EURUSD.s,1.18725,1.1875499999999999,0.00029999999999996696,0,1769462028989
2026-01-27 04:13:48,EURUSD.s,1.18725,1.1875499999999999,0.00029999999999996696,0,1769462028989
2026-01-27 04:13:48,EURUSD.s,1.18725,1.1875499999999999,0.00029999999999996696,0,1769462028989
2026-01-27 04:13:48,EURUSD.s,1.18725,1.1875499999999999,0.00029999999999996696,0,1769462028989
2026-01-27 04:13:48,EURUSD.s,1.18725,1.1875499999999999,0.00029999999999996696,0,1769462028989
2026-01-27 04:13:52,EURUSD.s,1.18724,1.18754,0.00029999999999996696,0,1769462032490
2026-01-27 04:13:53,EURUSD.s,1.18724,1.18754,0.00029999999999996696,0,1769462033166
2026-01-27 04:13:53,EURUSD.s,1.18724,1.18754,0.00029999999999996696,0,1769462033166
2026-01-27 04:13:54,EURUSD.s,1.18724,1.18754,0.00029999999999996696,0,1769462034182
2026-01-27 04:13:54,EURUSD.s,1.18724,1.18754,0.00029999999999996696,0,1769462034980
2026-01-27 04:13:55,EURUSD.s,1.18724,1.18754,0.00029999999999996696,0,1769462035138
2026-01-27 04:13:55,EURUSD.s,1.18724,1.18754,0.00029999999999996696,0,1769462035138
2026-01-27 04:13:55,EURUSD.s,1.18724,1.18754,0.00029999999999996696,0,1769462035138
2026-01-27 04:13:57,EURUSD.s,1.18724,1.18754,0.00029999999999996696,0,1769462037172
2026-01-27 04:13:57,EURUSD.s,1.18724,1.18754,0.00029999999999996696,0,1769462037172
2026-01-27 04:13:58,EURUSD.s,1.18725,1.1875499999999999,0.00029999999999996696,0,1769462038755
2026-01-27 04:13:58,EURUSD.s,1.18725,1.1875499999999999,0.00029999999999996696,0,1769462038901
2026-01-27 04:13:59,EURUSD.s,1.18725,1.1875499999999999,0.00029999999999996696,0,1769462039716
2026-01-27 04:14:00,EURUSD.s,1.18727,1.18757,0.00029999999999996696,0,1769462040473
2026-01-27 04:14:00,EURUSD.s,1.18727,1.18757,0.00029999999999996696,0,1769462040980
2026-01-27 04:14:00,EURUSD.s,1.18727,1.18757,0.00029999999999996696,0,1769462040980
2026-01-27 04:14:00,EURUSD.s,1.18727,1.18757,0.00029999999999996696,0,1769462040980
2026-01-27 04:14:00,EURUSD.s,1.18727,1.18757,0.00029999999999996696,0,1769462040980
2026-01-27 04:14:02,EURUSD.s,1.18727,1.18757,0.00029999999999996696,0,1769462042909
2026-01-27 04:14:03,EURUSD.s,1.18725,1.1875499999999999,0.00029999999999996696,0,1769462043712
2026-01-27 04:14:04,EURUSD.s,1.18726,1.18756,0.00029999999999996696,0,1769462044345
2026-01-27 04:14:04,EURUSD.s,1.18725,1.1875499999999999,0.00029999999999996696,0,1769462044850
2026-01-27 04:14:05,EURUSD.s,1.18725,1.1875499999999999,0.00029999999999996696,0,1769462045471
2026-01-27 04:14:05,EURUSD.s,1.18725,1.1875499999999999,0.00029999999999996696,0,1769462045471
2026-01-27 04:14:06,EURUSD.s,1.18725,1.1875499999999999,0.00029999999999996696,0,1769462046743
2026-01-27 04:14:07,EURUSD.s,1.18725,1.1875499999999999,0.00029999999999996696,0,1769462047079
2026-01-27 04:14:07,EURUSD.s,1.18725,1.1875499999999999,0.00029999999999996696,0,1769462047905
2026-01-27 04:14:08,EURUSD.s,1.18725,1.1875499999999999,0.00029999999999996696,0,1769462048586
2026-01-27 04:14:08,EURUSD.s,1.18725,1.1875499999999999,0.00029999999999996696,0,1769462048989
2026-01-27 04:14:08,EURUSD.s,1.18725,1.1875499999999999,0.00029999999999996696,0,1769462048989
2026-01-27 04:14:08,EURUSD.s,1.18725,1.1875499999999999,0.00029999999999996696,0,1769462048989
2026-01-27 04:14:10,EURUSD.s,1.18725,1.1875499999999999,0.00029999999999996696,0,1769462050576
2026-01-27 04:14:10,EURUSD.s,1.18725,1.1875499999999999,0.00029999999999996696,0,1769462050576
2026-01-27 04:14:11,EURUSD.s,1.18725,1.1875499999999999,0.00029999999999996696,0,1769462051720
2026-01-27 04:14:12,EURUSD.s,1.18727,1.18757,0.00029999999999996696,0,1769462052622
2026-01-27 04:14:13,EURUSD.s,1.18731,1.18761,0.00029999999999996696,0,1769462053028
2026-01-27 04:14:13,EURUSD.s,1.18734,1.18764,0.00029999999999996696,0,1769462053729
2026-01-27 04:14:14,EURUSD.s,1.18734,1.18764,0.00029999999999996696,0,1769462054346
2026-01-27 04:14:14,EURUSD.s,1.18735,1.18765,0.000300000000000189,0,1769462054431
2026-01-27 04:14:15,EURUSD.s,1.18735,1.18765,0.000300000000000189,0,1769462055475
2026-01-27 04:14:16,EURUSD.s,1.18735,1.18765,0.000300000000000189,0,1769462056035
2026-01-27 04:14:16,EURUSD.s,1.18734,1.18764,0.00029999999999996696,0,1769462056743
2026-01-27 04:14:17,EURUSD.s,1.18734,1.18764,0.00029999999999996696,0,1769462057215
2026-01-27 04:14:17,EURUSD.s,1.18734,1.18764,0.00029999999999996696,0,1769462057897
2026-01-27 04:14:18,EURUSD.s,1.18734,1.18764,0.00029999999999996696,0,1769462058328
2026-01-27 04:14:18,EURUSD.s,1.18734,1.18764,0.00029999999999996696,0,1769462058902
2026-01-27 04:14:19,EURUSD.s,1.18734,1.18764,0.00029999999999996696,0,1769462059084
2026-01-27 04:14:19,EURUSD.s,1.18736,1.18766,0.00029999999999996696,0,1769462059880
2026-01-27 04:14:20,EURUSD.s,1.18736,1.18766,0.00029999999999996696,0,1769462060637
2026-01-27 04:14:21,EURUSD.s,1.1874,1.1877,0.00029999999999996696,0,1769462061239
2026-01-27 04:14:21,EURUSD.s,1.18741,1.18771,0.00029999999999996696,0,1769462061748
2026-01-27 04:14:22,EURUSD.s,1.18739,1.18769,0.00029999999999996696,0,1769462062394
2026-01-27 04:14:22,EURUSD.s,1.18743,1.18773,0.00029999999999996696,0,1769462062932
2026-01-27 04:14:23,EURUSD.s,1.18743,1.18773,0.00029999999999996696,0,1769462063491
2026-01-27 04:14:24,EURUSD.s,1.1874,1.1877,0.00029999999999996696,0,1769462064101
2026-01-27 04:14:24,EURUSD.s,1.1874,1.1877,0.00029999999999996696,0,1769462064376
2026-01-27 04:14:25,EURUSD.s,1.1874,1.1877,0.00029999999999996696,0,1769462065191
2026-01-27 04:14:25,EURUSD.s,1.1874,1.1877,0.00029999999999996696,0,1769462065763
2026-01-27 04:14:26,EURUSD.s,1.18742,1.18772,0.000300000000000189,0,1769462066239
2026-01-27 04:14:26,EURUSD.s,1.18743,1.18773,0.00029999999999996696,0,1769462066633
2026-01-27 04:14:27,EURUSD.s,1.18743,1.18773,0.00029999999999996696,0,1769462067442
2026-01-27 04:14:28,EURUSD.s,1.1874500000000001,1.18775,0.00029999999999996696,0,1769462068076
2026-01-27 04:14:28,EURUSD.s,1.1874500000000001,1.18775,0.00029999999999996696,0,1769462068526
2026-01-27 04:14:28,EURUSD.s,1.1874500000000001,1.18775,0.00029999999999996696,0,1769462068843
2026-01-27 04:14:29,EURUSD.s,1.18744,1.18774,0.00029999999999996696,0,1769462069783
2026-01-27 04:14:30,EURUSD.s,1.18744,1.18774,0.00029999999999996696,0,1769462070510
2026-01-27 04:14:30,EURUSD.s,1.18744,1.18774,0.00029999999999996696,0,1769462070688
2026-01-27 04:14:31,EURUSD.s,1.18744,1.18774,0.00029999999999996696,0,1769462071553
2026-01-27 04:14:32,EURUSD.s,1.18744,1.18774,0.00029999999999996696,0,1769462072105
2026-01-27 04:14:32,EURUSD.s,1.18744,1.18774,0.00029999999999996696,0,1769462072652
2026-01-27 04:14:33,EURUSD.s,1.18741,1.18771,0.00029999999999996696,0,1769462073352
2026-01-27 04:14:33,EURUSD.s,1.18741,1.18771,0.00029999999999996696,0,1769462073864
2026-01-27 04:14:34,EURUSD.s,1.18741,1.18771,0.00029999999999996696,0,1769462074192
2026-01-27 04:14:34,EURUSD.s,1.18741,1.18771,0.00029999999999996696,0,1769462074648
2026-01-27 04:14:35,EURUSD.s,1.18741,1.18771,0.00029999999999996696,0,1769462075648
2026-01-27 04:14:35,EURUSD.s,1.18741,1.18771,0.00029999999999996696,0,1769462075648
2026-01-27 04:14:35,EURUSD.s,1.18741,1.18771,0.00029999999999996696,0,1769462075648
2026-01-27 04:14:37,EURUSD.s,1.1874,1.1877,0.00029999999999996696,0,1769462077205
2026-01-27 04:14:37,EURUSD.s,1.18741,1.18771,0.00029999999999996696,0,1769462077725
2026-01-27 04:14:38,EURUSD.s,1.18738,1.18768,0.00029999999999996696,0,1769462078511
2026-01-27 04:14:39,EURUSD.s,1.18737,1.18767,0.00029999999999996696,0,1769462079040
2026-01-27 04:14:39,EURUSD.s,1.18737,1.18767,0.00029999999999996696,0,1769462079040
2026-01-27 04:14:40,EURUSD.s,1.18737,1.18767,0.00029999999999996696,0,1769462080178
2026-01-27 04:14:40,EURUSD.s,1.18743,1.18773,0.00029999999999996696,0,1769462080768
2026-01-27 04:14:41,EURUSD.s,1.18743,1.18773,0.00029999999999996696,0,1769462081287
2026-01-27 04:14:41,EURUSD.s,1.18741,1.18771,0.00029999999999996696,0,1769462081862
2026-01-27 04:14:41,EURUSD.s,1.18741,1.18771,0.00029999999999996696,0,1769462081954
2026-01-27 04:14:42,EURUSD.s,1.18739,1.18769,0.00029999999999996696,0,1769462082983
2026-01-27 04:14:43,EURUSD.s,1.18738,1.18768,0.00029999999999996696,0,1769462083633
2026-01-27 04:14:43,EURUSD.s,1.18738,1.18768,0.00029999999999996696,0,1769462083771
2026-01-27 04:14:44,EURUSD.s,1.18738,1.18768,0.00029999999999996696,0,1769462084656
2026-01-27 04:14:44,EURUSD.s,1.18738,1.18768,0.00029999999999996696,0,1769462084656
2026-01-27 04:14:44,EURUSD.s,1.18738,1.18768,0.00029999999999996696,0,1769462084656
2026-01-27 04:14:46,EURUSD.s,1.18735,1.18765,0.000300000000000189,0,1769462086358
2026-01-27 04:14:46,EURUSD.s,1.18735,1.18765,0.000300000000000189,0,1769462086943
2026-01-27 04:14:47,EURUSD.s,1.18734,1.18764,0.00029999999999996696,0,1769462087632
2026-01-27 04:14:47,EURUSD.s,1.18734,1.18764,0.00029999999999996696,0,1769462087632
2026-01-27 04:14:47,EURUSD.s,1.18734,1.18764,0.00029999999999996696,0,1769462087632
2026-01-27 04:14:49,EURUSD.s,1.18734,1.18764,0.00029999999999996696,0,1769462089345
2026-01-27 04:14:49,EURUSD.s,1.18734,1.18764,0.00029999999999996696,0,1769462089345
2026-01-27 04:14:49,EURUSD.s,1.18734,1.18764,0.00029999999999996696,0,1769462089345
2026-01-27 04:14:49,EURUSD.s,1.18734,1.18764,0.00029999999999996696,0,1769462089345
2026-01-27 04:14:49,EURUSD.s,1.18734,1.18764,0.00029999999999996696,0,1769462089345
2026-01-27 04:14:49,EURUSD.s,1.18734,1.18764,0.00029999999999996696,0,1769462089345
2026-01-27 04:14:52,EURUSD.s,1.18734,1.18764,0.00029999999999996696,0,1769462092715
2026-01-27 04:14:53,EURUSD.s,1.18734,1.18764,0.00029999999999996696,0,1769462093203
2026-01-27 04:14:53,EURUSD.s,1.18734,1.18764,0.00029999999999996696,0,1769462093973
2026-01-27 04:14:54,EURUSD.s,1.18734,1.18764,0.00029999999999996696,0,1769462094436
2026-01-27 04:14:55,EURUSD.s,1.18738,1.18768,0.00029999999999996696,0,1769462095192
2026-01-27 04:14:55,EURUSD.s,1.18738,1.18768,0.00029999999999996696,0,1769462095726
2026-01-27 04:14:56,EURUSD.s,1.18738,1.18768,0.00029999999999996696,0,1769462096341
2026-01-27 04:14:56,EURUSD.s,1.18738,1.18768,0.00029999999999996696,0,1769462096746
2026-01-27 04:14:57,EURUSD.s,1.18738,1.18768,0.00029999999999996696,0,1769462097421
2026-01-27 04:14:57,EURUSD.s,1.18738,1.18768,0.00029999999999996696,0,1769462097790
2026-01-27 04:14:58,EURUSD.s,1.18738,1.18768,0.00029999999999996696,0,1769462098504
2026-01-27 04:14:59,EURUSD.s,1.18738,1.18768,0.00029999999999996696,0,1769462099191
2026-01-27 04:14:59,EURUSD.s,1.18738,1.18768,0.00029999999999996696,0,1769462099763
2026-01-27 04:15:00,EURUSD.s,1.18733,1.18763,0.00029999999999996696,0,1769462100366
2026-01-27 04:15:00,EURUSD.s,1.18727,1.18757,0.00029999999999996696,0,1769462100937
2026-01-27 04:15:01,EURUSD.s,1.18727,1.18757,0.00029999999999996696,0,1769462101010
2026-01-27 04:15:01,EURUSD.s,1.18728,1.18758,0.000300000000000189,0,1769462101883
2026-01-27 04:15:02,EURUSD.s,1.18729,1.18759,0.00029999999999996696,0,1769462102526
2026-01-27 04:15:03,EURUSD.s,1.18729,1.18759,0.00029999999999996696,0,1769462103056
2026-01-27 04:15:03,EURUSD.s,1.18729,1.18759,0.00029999999999996696,0,1769462103467
2026-01-27 04:15:03,EURUSD.s,1.18729,1.18759,0.00029999999999996696,0,1769462103467
2026-01-27 04:15:04,EURUSD.s,1.18729,1.18759,0.00029999999999996696,0,1769462104848
2026-01-27 04:15:05,EURUSD.s,1.18729,1.18759,0.00029999999999996696,0,1769462105218
2026-01-27 04:15:06,EURUSD.s,1.18731,1.18761,0.00029999999999996696,0,1769462106038
2026-01-27 04:15:06,EURUSD.s,1.18731,1.18761,0.00029999999999996696,0,1769462106038
2026-01-27 04:15:06,EURUSD.s,1.18731,1.18761,0.00029999999999996696,0,1769462106894
2026-01-27 04:15:06,EURUSD.s,1.18731,1.18761,0.00029999999999996696,0,1769462106894
2026-01-27 04:15:06,EURUSD.s,1.18731,1.18761,0.00029999999999996696,0,1769462106894
2026-01-27 04:15:06,EURUSD.s,1.18731,1.18761,0.00029999999999996696,0,1769462106894
2026-01-27 04:15:09,EURUSD.s,1.18731,1.18761,0.00029999999999996696,0,1769462109487
2026-01-27 04:15:09,EURUSD.s,1.18731,1.18761,0.00029999999999996696,0,1769462109718
2026-01-27 04:15:09,EURUSD.s,1.18731,1.18761,0.00029999999999996696,0,1769462109718
