timestamp,symbol,bid,ask,spread,volume,time_msc
2026-01-27 03:41:35,GBPUSD.s,1.36959,1.36989,0.00029999999999996696,0,1769460095584
2026-01-27 03:49:25,GBPUSD.s,1.36918,1.36948,0.00029999999999996696,0,1769460565727
2026-01-27 03:50:01,GBPUSD.s,1.36908,1.36938,0.00029999999999996696,0,1769460601056
2026-01-27 03:51:00,GBPUSD.s,1.36907,1.36937,0.00029999999999996696,0,1769460660707
2026-01-27 03:52:00,GBPUSD.s,1.36899,1.36929,0.00029999999999996696,0,1769460720585
2026-01-27 04:03:57,GBPUSD.s,1.3683,1.3686,0.00029999999999996696,0,1769461437278
2026-01-27 04:03:57,GBPUSD.s,1.3683100000000001,1.3686099999999999,0.0002999999999997449,0,1769461437820
2026-01-27 04:03:57,GBPUSD.s,1.3683100000000001,1.3686099999999999,0.0002999999999997449,0,1769461437820
2026-01-27 04:03:59,GBPUSD.s,1.36829,1.36859,0.00029999999999996696,0,1769461439126
2026-01-27 04:03:59,GBPUSD.s,1.36829,1.36859,0.00029999999999996696,0,1769461439636
2026-01-27 04:04:00,GBPUSD.s,1.3683,1.3686,0.00029999999999996696,0,1769461440221
2026-01-27 04:04:00,GBPUSD.s,1.36828,1.3685800000000001,0.000300000000000189,0,1769461440848
2026-01-27 04:04:01,GBPUSD.s,1.36822,1.36852,0.00029999999999996696,0,1769461441439
2026-01-27 04:04:01,GBPUSD.s,1.36821,1.3685100000000001,0.000300000000000189,0,1769461441970
2026-01-27 04:04:02,GBPUSD.s,1.36821,1.3685100000000001,0.000300000000000189,0,1769461442585
2026-01-27 04:04:02,GBPUSD.s,1.36821,1.3685100000000001,0.000300000000000189,0,1769461442585
2026-01-27 04:04:03,GBPUSD.s,1.3682,1.3685,0.00029999999999996696,0,1769461443470
2026-01-27 04:04:03,GBPUSD.s,1.3682,1.3685,0.00029999999999996696,0,1769461443470
2026-01-27 04:04:03,GBPUSD.s,1.3682,1.3685,0.00029999999999996696,0,1769461443470
2026-01-27 04:04:05,GBPUSD.s,1.36819,1.36849,0.00029999999999996696,0,1769461445050
2026-01-27 04:04:05,GBPUSD.s,1.3682,1.3685,0.00029999999999996696,0,1769461445795
2026-01-27 04:04:05,GBPUSD.s,1.3682,1.3685,0.00029999999999996696,0,1769461445795
2026-01-27 04:04:06,GBPUSD.s,1.36821,1.3685100000000001,0.000300000000000189,0,1769461446736
2026-01-27 04:04:07,GBPUSD.s,1.36818,1.36848,0.00029999999999996696,0,1769461447641
2026-01-27 04:04:08,GBPUSD.s,1.36819,1.36849,0.00029999999999996696,0,1769461448223
2026-01-27 04:04:08,GBPUSD.s,1.36819,1.36849,0.00029999999999996696,0,1769461448440
2026-01-27 04:04:09,GBPUSD.s,1.36817,1.36847,0.00029999999999996696,0,1769461449007
2026-01-27 04:04:09,GBPUSD.s,1.36816,1.36846,0.00029999999999996696,0,1769461449715
2026-01-27 04:04:09,GBPUSD.s,1.36816,1.36846,0.00029999999999996696,0,1769461449715
2026-01-27 04:04:10,GBPUSD.s,1.36817,1.36847,0.00029999999999996696,0,1769461450576
2026-01-27 04:04:10,GBPUSD.s,1.36817,1.36847,0.00029999999999996696,0,1769461450576
2026-01-27 04:04:11,GBPUSD.s,1.36818,1.36848,0.00029999999999996696,0,1769461451960
2026-01-27 04:04:11,GBPUSD.s,1.36818,1.36848,0.00029999999999996696,0,1769461451960
2026-01-27 04:04:11,GBPUSD.s,1.36818,1.36848,0.00029999999999996696,0,1769461451960
2026-01-27 04:04:13,GBPUSD.s,1.36817,1.36847,0.00029999999999996696,0,1769461453768
2026-01-27 04:04:13,GBPUSD.s,1.36817,1.36847,0.00029999999999996696,0,1769461453987
2026-01-27 04:04:13,GBPUSD.s,1.36817,1.36847,0.00029999999999996696,0,1769461453987
2026-01-27 04:04:13,GBPUSD.s,1.36817,1.36847,0.00029999999999996696,0,1769461453987
2026-01-27 04:04:15,GBPUSD.s,1.36814,1.36844,0.000300000000000189,0,1769461455994
2026-01-27 04:04:16,GBPUSD.s,1.36813,1.36843,0.00029999999999996696,0,1769461456445
2026-01-27 04:04:16,GBPUSD.s,1.36812,1.36842,0.00029999999999996696,0,1769461456912
2026-01-27 04:04:17,GBPUSD.s,1.36812,1.36842,0.00029999999999996696,0,1769461457659
2026-01-27 04:04:17,GBPUSD.s,1.36813,1.36843,0.00029999999999996696,0,1769461457893
2026-01-27 04:04:18,GBPUSD.s,1.36812,1.36842,0.00029999999999996696,0,1769461458576
2026-01-27 04:04:19,GBPUSD.s,1.36812,1.36842,0.00029999999999996696,0,1769461459207
2026-01-27 04:04:19,GBPUSD.s,1.36812,1.36842,0.00029999999999996696,0,1769461459207
2026-01-27 04:04:20,GBPUSD.s,1.3681,1.3684,0.00029999999999996696,0,1769461460576
2026-01-27 04:04:20,GBPUSD.s,1.3681,1.3684,0.00029999999999996696,0,1769461460576
2026-01-27 04:04:21,GBPUSD.s,1.36813,1.36843,0.00029999999999996696,0,1769461461206
2026-01-27 04:04:21,GBPUSD.s,1.36813,1.36843,0.00029999999999996696,0,1769461461206
2026-01-27 04:04:21,GBPUSD.s,1.36813,1.36843,0.00029999999999996696,0,1769461461206
2026-01-27 04:04:21,GBPUSD.s,1.36813,1.36843,0.00029999999999996696,0,1769461461206
2026-01-27 04:04:21,GBPUSD.s,1.36813,1.36843,0.00029999999999996696,0,1769461461206
2026-01-27 04:04:21,GBPUSD.s,1.36813,1.36843,0.00029999999999996696,0,1769461461206
2026-01-27 04:04:21,GBPUSD.s,1.36813,1.36843,0.00029999999999996696,0,1769461461206
2026-01-27 04:04:25,GBPUSD.s,1.36815,1.36845,0.00029999999999996696,0,1769461465321
2026-01-27 04:04:25,GBPUSD.s,1.36813,1.36843,0.00029999999999996696,0,1769461465846
2026-01-27 04:04:26,GBPUSD.s,1.36816,1.36846,0.00029999999999996696,0,1769461466648
2026-01-27 04:04:27,GBPUSD.s,1.36818,1.36848,0.00029999999999996696,0,1769461467143
2026-01-27 04:04:27,GBPUSD.s,1.36818,1.36848,0.00029999999999996696,0,1769461467143
2026-01-27 04:04:27,GBPUSD.s,1.36818,1.36848,0.00029999999999996696,0,1769461467933
2026-01-27 04:04:27,GBPUSD.s,1.36818,1.36848,0.00029999999999996696,0,1769461467933
2026-01-27 04:04:29,GBPUSD.s,1.36819,1.36849,0.00029999999999996696,0,1769461469488
2026-01-27 04:04:29,GBPUSD.s,1.36818,1.36848,0.00029999999999996696,0,1769461469735
2026-01-27 04:04:30,GBPUSD.s,1.36819,1.36849,0.00029999999999996696,0,1769461470544
2026-01-27 04:04:31,GBPUSD.s,1.36818,1.36848,0.00029999999999996696,0,1769461471073
2026-01-27 04:04:31,GBPUSD.s,1.36819,1.36849,0.00029999999999996696,0,1769461471616
2026-01-27 04:04:31,GBPUSD.s,1.36819,1.36849,0.00029999999999996696,0,1769461471616
2026-01-27 04:04:31,GBPUSD.s,1.36819,1.36849,0.00029999999999996696,0,1769461471616
2026-01-27 04:04:31,GBPUSD.s,1.36819,1.36849,0.00029999999999996696,0,1769461471616
2026-01-27 04:04:34,GBPUSD.s,1.3682,1.3685,0.00029999999999996696,0,1769461474051
2026-01-27 04:04:34,GBPUSD.s,1.3683,1.3686,0.00029999999999996696,0,1769461474571
2026-01-27 04:04:34,GBPUSD.s,1.3683,1.3686,0.00029999999999996696,0,1769461474571
2026-01-27 04:04:34,GBPUSD.s,1.3683,1.3686,0.00029999999999996696,0,1769461474571
2026-01-27 04:04:36,GBPUSD.s,1.36829,1.36859,0.00029999999999996696,0,1769461476136
2026-01-27 04:04:36,GBPUSD.s,1.36829,1.36859,0.00029999999999996696,0,1769461476136
2026-01-27 04:04:37,GBPUSD.s,1.3683,1.3686,0.00029999999999996696,0,1769461477428
2026-01-27 04:04:37,GBPUSD.s,1.3683,1.3686,0.00029999999999996696,0,1769461477428
2026-01-27 04:04:37,GBPUSD.s,1.3683,1.3686,0.00029999999999996696,0,1769461477428
2026-01-27 04:04:37,GBPUSD.s,1.3683,1.3686,0.00029999999999996696,0,1769461477428
2026-01-27 04:04:37,GBPUSD.s,1.3683,1.3686,0.00029999999999996696,0,1769461477428
2026-01-27 04:04:40,GBPUSD.s,1.3683100000000001,1.3686099999999999,0.0002999999999997449,0,1769461480011
2026-01-27 04:04:40,GBPUSD.s,1.3683100000000001,1.3686099999999999,0.0002999999999997449,0,1769461480732
2026-01-27 04:04:40,GBPUSD.s,1.3683100000000001,1.3686099999999999,0.0002999999999997449,0,1769461480732
2026-01-27 04:04:42,GBPUSD.s,1.36828,1.3685800000000001,0.000300000000000189,0,1769461482142
2026-01-27 04:04:42,GBPUSD.s,1.36828,1.3685800000000001,0.000300000000000189,0,1769461482142
2026-01-27 04:04:42,GBPUSD.s,1.36828,1.3685800000000001,0.000300000000000189,0,1769461482142
2026-01-27 04:04:43,GBPUSD.s,1.3683,1.3686,0.00029999999999996696,0,1769461483687
2026-01-27 04:04:44,GBPUSD.s,1.3683,1.3686,0.00029999999999996696,0,1769461484044
2026-01-27 04:04:44,GBPUSD.s,1.3683,1.3686,0.00029999999999996696,0,1769461484790
2026-01-27 04:04:45,GBPUSD.s,1.36829,1.36859,0.00029999999999996696,0,1769461485256
2026-01-27 04:04:45,GBPUSD.s,1.36829,1.36859,0.00029999999999996696,0,1769461485794
2026-01-27 04:04:46,GBPUSD.s,1.3683,1.3686,0.00029999999999996696,0,1769461486534
2026-01-27 04:04:47,GBPUSD.s,1.36829,1.36859,0.00029999999999996696,0,1769461487141
2026-01-27 04:04:47,GBPUSD.s,1.36828,1.3685800000000001,0.000300000000000189,0,1769461487973
2026-01-27 04:04:48,GBPUSD.s,1.36829,1.36859,0.00029999999999996696,0,1769461488470
2026-01-27 04:04:48,GBPUSD.s,1.36828,1.3685800000000001,0.000300000000000189,0,1769461488989
2026-01-27 04:04:48,GBPUSD.s,1.36828,1.3685800000000001,0.000300000000000189,0,1769461488989
2026-01-27 04:04:49,GBPUSD.s,1.36828,1.3685800000000001,0.000300000000000189,0,1769461489777
2026-01-27 04:04:50,GBPUSD.s,1.36826,1.36856,0.00029999999999996696,0,1769461490242
2026-01-27 04:04:50,GBPUSD.s,1.36826,1.36856,0.00029999999999996696,0,1769461490242
2026-01-27 04:04:51,GBPUSD.s,1.3682,1.3685,0.00029999999999996696,0,1769461491790
2026-01-27 04:04:52,GBPUSD.s,1.36821,1.3685100000000001,0.000300000000000189,0,1769461492306
2026-01-27 04:04:52,GBPUSD.s,1.36821,1.3685100000000001,0.000300000000000189,0,1769461492306
2026-01-27 04:04:53,GBPUSD.s,1.36825,1.36855,0.00029999999999996696,0,1769461493472
2026-01-27 04:04:53,GBPUSD.s,1.36825,1.36855,0.00029999999999996696,0,1769461493759
2026-01-27 04:04:53,GBPUSD.s,1.36825,1.36855,0.00029999999999996696,0,1769461493759
2026-01-27 04:04:53,GBPUSD.s,1.36825,1.36855,0.00029999999999996696,0,1769461493759
2026-01-27 04:04:53,GBPUSD.s,1.36825,1.36855,0.00029999999999996696,0,1769461493759
2026-01-27 04:04:56,GBPUSD.s,1.3682699999999999,1.36857,0.000300000000000189,0,1769461496138
2026-01-27 04:04:56,GBPUSD.s,1.3682699999999999,1.36857,0.000300000000000189,0,1769461496962
2026-01-27 04:04:57,GBPUSD.s,1.3682699999999999,1.36857,0.000300000000000189,0,1769461497749
2026-01-27 04:04:57,GBPUSD.s,1.3682699999999999,1.36857,0.000300000000000189,0,1769461497749
2026-01-27 04:04:57,GBPUSD.s,1.3682699999999999,1.36857,0.000300000000000189,0,1769461497749
2026-01-27 04:04:57,GBPUSD.s,1.3682699999999999,1.36857,0.000300000000000189,0,1769461497749
2026-01-27 04:04:59,GBPUSD.s,1.3682699999999999,1.36857,0.000300000000000189,0,1769461499613
2026-01-27 04:05:00,GBPUSD.s,1.36828,1.3685800000000001,0.000300000000000189,0,1769461500635
2026-01-27 04:05:00,GBPUSD.s,1.3683,1.3686,0.00029999999999996696,0,1769461500903
2026-01-27 04:05:00,GBPUSD.s,1.3683,1.3686,0.00029999999999996696,0,1769461500903
2026-01-27 04:05:01,GBPUSD.s,1.36829,1.36859,0.00029999999999996696,0,1769461501912
2026-01-27 04:05:02,GBPUSD.s,1.3683,1.3686,0.00029999999999996696,0,1769461502427
2026-01-27 04:05:03,GBPUSD.s,1.3683,1.3686,0.00029999999999996696,0,1769461503454
2026-01-27 04:05:03,GBPUSD.s,1.3683,1.3686,0.00029999999999996696,0,1769461503687
2026-01-27 04:05:04,GBPUSD.s,1.3683100000000001,1.3686099999999999,0.0002999999999997449,0,1769461504575
2026-01-27 04:05:04,GBPUSD.s,1.3683100000000001,1.3686099999999999,0.0002999999999997449,0,1769461504800
2026-01-27 04:05:05,GBPUSD.s,1.36832,1.36862,0.00029999999999996696,0,1769461505692
2026-01-27 04:05:06,GBPUSD.s,1.3683100000000001,1.3686099999999999,0.0002999999999997449,0,1769461506308
2026-01-27 04:05:06,GBPUSD.s,1.3683,1.3686,0.00029999999999996696,0,1769461506803
2026-01-27 04:05:07,GBPUSD.s,1.3683,1.3686,0.00029999999999996696,0,1769461507276
2026-01-27 04:05:07,GBPUSD.s,1.3683,1.3686,0.00029999999999996696,0,1769461507276
2026-01-27 04:05:08,GBPUSD.s,1.3683,1.3686,0.00029999999999996696,0,1769461508381
2026-01-27 04:05:09,GBPUSD.s,1.3683,1.3686,0.00029999999999996696,0,1769461509040
2026-01-27 04:05:09,GBPUSD.s,1.3683,1.3686,0.00029999999999996696,0,1769461509271
2026-01-27 04:05:10,GBPUSD.s,1.36829,1.36859,0.00029999999999996696,0,1769461510128
2026-01-27 04:05:10,GBPUSD.s,1.36829,1.36859,0.00029999999999996696,0,1769461510128
2026-01-27 04:05:10,GBPUSD.s,1.36829,1.36859,0.00029999999999996696,0,1769461510128
2026-01-27 04:05:11,GBPUSD.s,1.36829,1.36859,0.00029999999999996696,0,1769461511777
2026-01-27 04:05:12,GBPUSD.s,1.36829,1.36859,0.00029999999999996696,0,1769461512168
2026-01-27 04:05:13,GBPUSD.s,1.36829,1.36859,0.00029999999999996696,0,1769461513011
2026-01-27 04:05:13,GBPUSD.s,1.36829,1.36859,0.00029999999999996696,0,1769461513011
2026-01-27 04:05:14,GBPUSD.s,1.36829,1.36859,0.00029999999999996696,0,1769461514109
2026-01-27 04:05:14,GBPUSD.s,1.36829,1.36859,0.00029999999999996696,0,1769461514109
2026-01-27 04:05:15,GBPUSD.s,1.36829,1.36859,0.00029999999999996696,0,1769461515065
2026-01-27 04:05:15,GBPUSD.s,1.36829,1.36859,0.00029999999999996696,0,1769461515065
2026-01-27 04:05:16,GBPUSD.s,1.36832,1.36862,0.00029999999999996696,0,1769461516222
2026-01-27 04:05:16,GBPUSD.s,1.36832,1.36862,0.00029999999999996696,0,1769461516838
2026-01-27 04:05:17,GBPUSD.s,1.36832,1.36862,0.00029999999999996696,0,1769461517283
2026-01-27 04:05:17,GBPUSD.s,1.36832,1.36862,0.00029999999999996696,0,1769461517728
2026-01-27 04:05:18,GBPUSD.s,1.36832,1.36862,0.00029999999999996696,0,1769461518598
2026-01-27 04:05:18,GBPUSD.s,1.36832,1.36862,0.00029999999999996696,0,1769461518712
2026-01-27 04:05:19,GBPUSD.s,1.3683100000000001,1.3686099999999999,0.0002999999999997449,0,1769461519707
2026-01-27 04:05:20,GBPUSD.s,1.3683100000000001,1.3686099999999999,0.0002999999999997449,0,1769461520142
2026-01-27 04:05:20,GBPUSD.s,1.3683100000000001,1.3686099999999999,0.0002999999999997449,0,1769461520547
2026-01-27 04:05:20,GBPUSD.s,1.3683100000000001,1.3686099999999999,0.0002999999999997449,0,1769461520547
2026-01-27 04:05:20,GBPUSD.s,1.3683100000000001,1.3686099999999999,0.0002999999999997449,0,1769461520547
2026-01-27 04:05:20,GBPUSD.s,1.3683100000000001,1.3686099999999999,0.0002999999999997449,0,1769461520547
2026-01-27 04:05:20,GBPUSD.s,1.3683100000000001,1.3686099999999999,0.0002999999999997449,0,1769461520547
2026-01-27 04:05:23,GBPUSD.s,1.3683100000000001,1.3686099999999999,0.0002999999999997449,0,1769461523313
2026-01-27 04:05:23,GBPUSD.s,1.3683100000000001,1.3686099999999999,0.0002999999999997449,0,1769461523313
2026-01-27 04:05:23,GBPUSD.s,1.3683100000000001,1.3686099999999999,0.0002999999999997449,0,1769461523313
2026-01-27 04:05:25,GBPUSD.s,1.3683,1.3686,0.00029999999999996696,0,1769461525319
2026-01-27 04:05:25,GBPUSD.s,1.3683,1.3686,0.00029999999999996696,0,1769461525319
2026-01-27 04:05:25,GBPUSD.s,1.3683,1.3686,0.00029999999999996696,0,1769461525319
2026-01-27 04:05:25,GBPUSD.s,1.3683,1.3686,0.00029999999999996696,0,1769461525319
2026-01-27 04:05:25,GBPUSD.s,1.3683,1.3686,0.00029999999999996696,0,1769461525319
2026-01-27 04:05:25,GBPUSD.s,1.3683,1.3686,0.00029999999999996696,0,1769461525319
2026-01-27 04:05:25,GBPUSD.s,1.3683,1.3686,0.00029999999999996696,0,1769461525319
2026-01-27 04:05:25,GBPUSD.s,1.3683,1.3686,0.00029999999999996696,0,1769461525319
2026-01-27 04:05:25,GBPUSD.s,1.3683,1.3686,0.00029999999999996696,0,1769461525319
2026-01-27 04:05:30,GBPUSD.s,1.3683100000000001,1.3686099999999999,0.0002999999999997449,0,1769461530226
2026-01-27 04:05:30,GBPUSD.s,1.3683100000000001,1.3686099999999999,0.0002999999999997449,0,1769461530780
2026-01-27 04:05:31,GBPUSD.s,1.3683100000000001,1.3686099999999999,0.0002999999999997449,0,1769461531423
2026-01-27 04:05:32,GBPUSD.s,1.3683100000000001,1.3686099999999999,0.0002999999999997449,0,1769461532086
2026-01-27 04:05:32,GBPUSD.s,1.3683100000000001,1.3686099999999999,0.0002999999999997449,0,1769461532730
2026-01-27 04:05:33,GBPUSD.s,1.36836,1.36866,0.00029999999999996696,0,1769461533405
2026-01-27 04:05:33,GBPUSD.s,1.36837,1.36867,0.00029999999999996696,0,1769461533660
2026-01-27 04:05:34,GBPUSD.s,1.3684,1.3687,0.00029999999999996696,0,1769461534485
2026-01-27 04:05:34,GBPUSD.s,1.36841,1.36871,0.000300000000000189,0,1769461534704
2026-01-27 04:05:35,GBPUSD.s,1.36842,1.36872,0.00029999999999996696,0,1769461535447
2026-01-27 04:05:36,GBPUSD.s,1.36841,1.36871,0.000300000000000189,0,1769461536249
2026-01-27 04:05:36,GBPUSD.s,1.36841,1.36871,0.000300000000000189,0,1769461536249
2026-01-27 04:05:36,GBPUSD.s,1.36841,1.36871,0.000300000000000189,0,1769461536900
2026-01-27 04:05:37,GBPUSD.s,1.36842,1.36872,0.00029999999999996696,0,1769461537623
2026-01-27 04:05:38,GBPUSD.s,1.36842,1.36872,0.00029999999999996696,0,1769461538495
2026-01-27 04:05:39,GBPUSD.s,1.36842,1.36872,0.00029999999999996696,0,1769461539070
2026-01-27 04:05:39,GBPUSD.s,1.36846,1.36876,0.00029999999999996696,0,1769461539653
2026-01-27 04:05:40,GBPUSD.s,1.36846,1.36876,0.00029999999999996696,0,1769461540084
2026-01-27 04:05:40,GBPUSD.s,1.36848,1.36878,0.000300000000000189,0,1769461540619
2026-01-27 04:05:41,GBPUSD.s,1.3685,1.3688,0.00029999999999996696,0,1769461541138
2026-01-27 04:05:41,GBPUSD.s,1.3685,1.3688,0.00029999999999996696,0,1769461541138
2026-01-27 04:05:42,GBPUSD.s,1.3685100000000001,1.36881,0.00029999999999996696,0,1769461542219
2026-01-27 04:05:42,GBPUSD.s,1.3685100000000001,1.36881,0.00029999999999996696,0,1769461542219
2026-01-27 04:05:42,GBPUSD.s,1.3685100000000001,1.36881,0.00029999999999996696,0,1769461542219
2026-01-27 04:05:44,GBPUSD.s,1.36849,1.36879,0.00029999999999996696,0,1769461544150
2026-01-27 04:05:44,GBPUSD.s,1.36849,1.36879,0.00029999999999996696,0,1769461544540
2026-01-27 04:05:44,GBPUSD.s,1.36849,1.36879,0.00029999999999996696,0,1769461544923
2026-01-27 04:05:44,GBPUSD.s,1.36849,1.36879,0.00029999999999996696,0,1769461544923
2026-01-27 04:05:46,GBPUSD.s,1.36849,1.36879,0.00029999999999996696,0,1769461546436
2026-01-27 04:05:46,GBPUSD.s,1.36849,1.36879,0.00029999999999996696,0,1769461546650
2026-01-27 04:05:47,GBPUSD.s,1.3685,1.3688,0.00029999999999996696,0,1769461547334
2026-01-27 04:05:47,GBPUSD.s,1.3685,1.3688,0.00029999999999996696,0,1769461547334
2026-01-27 04:05:48,GBPUSD.s,1.36848,1.36878,0.000300000000000189,0,1769461548682
2026-01-27 04:05:49,GBPUSD.s,1.36848,1.36878,0.000300000000000189,0,1769461549163
2026-01-27 04:05:49,GBPUSD.s,1.36848,1.36878,0.000300000000000189,0,1769461549163
2026-01-27 04:05:50,GBPUSD.s,1.36847,1.36877,0.00029999999999996696,0,1769461550341
2026-01-27 04:05:50,GBPUSD.s,1.36847,1.36877,0.00029999999999996696,0,1769461550869
2026-01-27 04:05:50,GBPUSD.s,1.36847,1.36877,0.00029999999999996696,0,1769461550869
2026-01-27 04:05:50,GBPUSD.s,1.36847,1.36877,0.00029999999999996696,0,1769461550869
2026-01-27 04:05:50,GBPUSD.s,1.36847,1.36877,0.00029999999999996696,0,1769461550869
2026-01-27 04:05:53,GBPUSD.s,1.36849,1.36879,0.00029999999999996696,0,1769461553143
2026-01-27 04:05:53,GBPUSD.s,1.36849,1.36879,0.00029999999999996696,0,1769461553143
2026-01-27 04:05:53,GBPUSD.s,1.36849,1.36879,0.00029999999999996696,0,1769461553834
2026-01-27 04:05:54,GBPUSD.s,1.36849,1.36879,0.00029999999999996696,0,1769461554821
2026-01-27 04:05:55,GBPUSD.s,1.3685100000000001,1.36881,0.00029999999999996696,0,1769461555268
2026-01-27 04:05:55,GBPUSD.s,1.36852,1.36882,0.00029999999999996696,0,1769461555887
2026-01-27 04:05:56,GBPUSD.s,1.36852,1.36882,0.00029999999999996696,0,1769461556088
2026-01-27 04:05:57,GBPUSD.s,1.36853,1.36883,0.00029999999999996696,0,1769461557094
2026-01-27 04:05:57,GBPUSD.s,1.36853,1.36883,0.00029999999999996696,0,1769461557624
2026-01-27 04:05:58,GBPUSD.s,1.36852,1.36882,0.00029999999999996696,0,1769461558841
2026-01-27 04:05:59,GBPUSD.s,1.36852,1.36882,0.00029999999999996696,0,1769461559405
2026-01-27 04:05:59,GBPUSD.s,1.36852,1.36882,0.00029999999999996696,0,1769461559696
2026-01-27 04:06:00,GBPUSD.s,1.3685100000000001,1.36881,0.00029999999999996696,0,1769461560285
2026-01-27 04:06:00,GBPUSD.s,1.3685100000000001,1.36881,0.00029999999999996696,0,1769461560285
2026-01-27 04:06:00,GBPUSD.s,1.3685100000000001,1.36881,0.00029999999999996696,0,1769461560285
2026-01-27 04:06:02,GBPUSD.s,1.3685100000000001,1.36881,0.00029999999999996696,0,1769461562258
2026-01-27 04:06:02,GBPUSD.s,1.3685100000000001,1.36881,0.00029999999999996696,0,1769461562340
2026-01-27 04:06:03,GBPUSD.s,1.3685100000000001,1.36881,0.00029999999999996696,0,1769461563321
2026-01-27 04:06:04,GBPUSD.s,1.36852,1.36882,0.00029999999999996696,0,1769461564507
2026-01-27 04:06:05,GBPUSD.s,1.36852,1.36882,0.00029999999999996696,0,1769461565180
2026-01-27 04:06:05,GBPUSD.s,1.3685100000000001,1.36881,0.00029999999999996696,0,1769461565590
2026-01-27 04:06:06,GBPUSD.s,1.36852,1.36882,0.00029999999999996696,0,1769461566346
2026-01-27 04:06:06,GBPUSD.s,1.3685800000000001,1.3688799999999999,0.0002999999999997449,0,1769461566876
2026-01-27 04:06:08,GBPUSD.s,1.3685800000000001,1.3688799999999999,0.0002999999999997449,0,1769461568015
2026-01-27 04:06:08,GBPUSD.s,1.36857,1.36887,0.00029999999999996696,0,1769461568531
2026-01-27 04:06:08,GBPUSD.s,1.3685800000000001,1.3688799999999999,0.0002999999999997449,0,1769461568905
2026-01-27 04:06:09,GBPUSD.s,1.3685800000000001,1.3688799999999999,0.0002999999999997449,0,1769461569666
2026-01-27 04:06:10,GBPUSD.s,1.36852,1.36882,0.00029999999999996696,0,1769461570271
2026-01-27 04:06:10,GBPUSD.s,1.36853,1.36883,0.00029999999999996696,0,1769461570824
2026-01-27 04:06:11,GBPUSD.s,1.36852,1.36882,0.00029999999999996696,0,1769461571397
2026-01-27 04:06:11,GBPUSD.s,1.36853,1.36883,0.00029999999999996696,0,1769461571834
2026-01-27 04:06:12,GBPUSD.s,1.36852,1.36882,0.00029999999999996696,0,1769461572227
2026-01-27 04:06:13,GBPUSD.s,1.36852,1.36882,0.00029999999999996696,0,1769461573094
2026-01-27 04:06:13,GBPUSD.s,1.36852,1.36882,0.00029999999999996696,0,1769461573094
2026-01-27 04:06:14,GBPUSD.s,1.36852,1.36882,0.00029999999999996696,0,1769461574143
2026-01-27 04:06:14,GBPUSD.s,1.36853,1.36883,0.00029999999999996696,0,1769461574339
2026-01-27 04:06:14,GBPUSD.s,1.36853,1.36883,0.00029999999999996696,0,1769461574339
2026-01-27 04:06:14,GBPUSD.s,1.36853,1.36883,0.00029999999999996696,0,1769461574339
2026-01-27 04:06:14,GBPUSD.s,1.36853,1.36883,0.00029999999999996696,0,1769461574339
2026-01-27 04:06:17,GBPUSD.s,1.36836,1.36866,0.00029999999999996696,0,1769461577006
2026-01-27 04:06:17,GBPUSD.s,1.36833,1.36863,0.00029999999999996696,0,1769461577469
2026-01-27 04:06:18,GBPUSD.s,1.36833,1.36863,0.00029999999999996696,0,1769461578058
2026-01-27 04:06:18,GBPUSD.s,1.36834,1.36864,0.000300000000000189,0,1769461578378
2026-01-27 04:06:18,GBPUSD.s,1.36833,1.36863,0.00029999999999996696,0,1769461578955
2026-01-27 04:06:19,GBPUSD.s,1.36833,1.36863,0.00029999999999996696,0,1769461579796
2026-01-27 04:06:20,GBPUSD.s,1.3683,1.3686,0.00029999999999996696,0,1769461580355
2026-01-27 04:06:20,GBPUSD.s,1.3683,1.3686,0.00029999999999996696,0,1769461580905
2026-01-27 04:06:21,GBPUSD.s,1.3683,1.3686,0.00029999999999996696,0,1769461581423
2026-01-27 04:06:21,GBPUSD.s,1.3683,1.3686,0.00029999999999996696,0,1769461581423
2026-01-27 04:06:22,GBPUSD.s,1.3683,1.3686,0.00029999999999996696,0,1769461582343
2026-01-27 04:06:22,GBPUSD.s,1.3683,1.3686,0.00029999999999996696,0,1769461582786
2026-01-27 04:06:22,GBPUSD.s,1.3683,1.3686,0.00029999999999996696,0,1769461582786
2026-01-27 04:06:22,GBPUSD.s,1.3683,1.3686,0.00029999999999996696,0,1769461582786
2026-01-27 04:06:24,GBPUSD.s,1.36828,1.3685800000000001,0.000300000000000189,0,1769461584944
2026-01-27 04:06:25,GBPUSD.s,1.36828,1.3685800000000001,0.000300000000000189,0,1769461585501
2026-01-27 04:06:26,GBPUSD.s,1.36828,1.3685800000000001,0.000300000000000189,0,1769461586005
2026-01-27 04:06:26,GBPUSD.s,1.36828,1.3685800000000001,0.000300000000000189,0,1769461586289
2026-01-27 04:06:26,GBPUSD.s,1.36828,1.3685800000000001,0.000300000000000189,0,1769461586289
2026-01-27 04:06:27,GBPUSD.s,1.36828,1.3685800000000001,0.000300000000000189,0,1769461587539
2026-01-27 04:06:28,GBPUSD.s,1.36829,1.36859,0.00029999999999996696,0,1769461588265
2026-01-27 04:06:28,GBPUSD.s,1.36829,1.36859,0.00029999999999996696,0,1769461588725
2026-01-27 04:06:29,GBPUSD.s,1.36829,1.36859,0.00029999999999996696,0,1769461589055
2026-01-27 04:06:29,GBPUSD.s,1.36829,1.36859,0.00029999999999996696,0,1769461589055
2026-01-27 04:06:30,GBPUSD.s,1.3683,1.3686,0.00029999999999996696,0,1769461590247
2026-01-27 04:06:31,GBPUSD.s,1.3683,1.3686,0.00029999999999996696,0,1769461591104
2026-01-27 04:06:31,GBPUSD.s,1.3683,1.3686,0.00029999999999996696,0,1769461591545
2026-01-27 04:06:31,GBPUSD.s,1.3683,1.3686,0.00029999999999996696,0,1769461591722
2026-01-27 04:06:32,GBPUSD.s,1.36829,1.36859,0.00029999999999996696,0,1769461592558
2026-01-27 04:06:33,GBPUSD.s,1.36828,1.3685800000000001,0.000300000000000189,0,1769461593164
2026-01-27 04:06:33,GBPUSD.s,1.36828,1.3685800000000001,0.000300000000000189,0,1769461593732
2026-01-27 04:06:34,GBPUSD.s,1.3683,1.3686,0.00029999999999996696,0,1769461594262
2026-01-27 04:06:34,GBPUSD.s,1.36828,1.3685800000000001,0.000300000000000189,0,1769461594847
2026-01-27 04:06:35,GBPUSD.s,1.36828,1.3685800000000001,0.000300000000000189,0,1769461595104
2026-01-27 04:06:35,GBPUSD.s,1.3682699999999999,1.36857,0.000300000000000189,0,1769461595650
2026-01-27 04:06:36,GBPUSD.s,1.36828,1.3685800000000001,0.000300000000000189,0,1769461596415
2026-01-27 04:06:37,GBPUSD.s,1.36828,1.3685800000000001,0.000300000000000189,0,1769461597210
2026-01-27 04:06:37,GBPUSD.s,1.36828,1.3685800000000001,0.000300000000000189,0,1769461597811
2026-01-27 04:06:38,GBPUSD.s,1.36828,1.3685800000000001,0.000300000000000189,0,1769461598325
2026-01-27 04:06:38,GBPUSD.s,1.36828,1.3685800000000001,0.000300000000000189,0,1769461598802
2026-01-27 04:06:39,GBPUSD.s,1.36828,1.3685800000000001,0.000300000000000189,0,1769461599578
2026-01-27 04:06:40,GBPUSD.s,1.36828,1.3685800000000001,0.000300000000000189,0,1769461600142
2026-01-27 04:06:40,GBPUSD.s,1.36828,1.3685800000000001,0.000300000000000189,0,1769461600420
2026-01-27 04:06:41,GBPUSD.s,1.36828,1.3685800000000001,0.000300000000000189,0,1769461601245
2026-01-27 04:06:41,GBPUSD.s,1.3683,1.3686,0.00029999999999996696,0,1769461601781
2026-01-27 04:06:42,GBPUSD.s,1.3683,1.3686,0.00029999999999996696,0,1769461602315
2026-01-27 04:06:42,GBPUSD.s,1.3683,1.3686,0.00029999999999996696,0,1769461602956
2026-01-27 04:06:43,GBPUSD.s,1.3683,1.3686,0.00029999999999996696,0,1769461603082
2026-01-27 04:06:43,GBPUSD.s,1.36829,1.36859,0.00029999999999996696,0,1769461603973
2026-01-27 04:06:44,GBPUSD.s,1.36829,1.36859,0.00029999999999996696,0,1769461604544
2026-01-27 04:06:45,GBPUSD.s,1.36829,1.36859,0.00029999999999996696,0,1769461605228
2026-01-27 04:06:45,GBPUSD.s,1.36829,1.36859,0.00029999999999996696,0,1769461605228
2026-01-27 04:06:45,GBPUSD.s,1.36829,1.36859,0.00029999999999996696,0,1769461605834
2026-01-27 04:06:46,GBPUSD.s,1.36829,1.36859,0.00029999999999996696,0,1769461606710
2026-01-27 04:06:47,GBPUSD.s,1.36829,1.36859,0.00029999999999996696,0,1769461607467
2026-01-27 04:06:47,GBPUSD.s,1.36829,1.36859,0.00029999999999996696,0,1769461607467
2026-01-27 04:06:48,GBPUSD.s,1.3683,1.3686,0.00029999999999996696,0,1769461608493
2026-01-27 04:06:49,GBPUSD.s,1.36825,1.36855,0.00029999999999996696,0,1769461609098
2026-01-27 04:06:49,GBPUSD.s,1.3682400000000001,1.3685399999999999,0.0002999999999997449,0,1769461609732
2026-01-27 04:06:50,GBPUSD.s,1.3682400000000001,1.3685399999999999,0.0002999999999997449,0,1769461610212
2026-01-27 04:06:50,GBPUSD.s,1.36823,1.36853,0.00029999999999996696,0,1769461610772
2026-01-27 04:06:51,GBPUSD.s,1.3682400000000001,1.3685399999999999,0.0002999999999997449,0,1769461611363
2026-01-27 04:06:51,GBPUSD.s,1.36823,1.36853,0.00029999999999996696,0,1769461611889
2026-01-27 04:06:52,GBPUSD.s,1.36819,1.36849,0.00029999999999996696,0,1769461612549
2026-01-27 04:06:52,GBPUSD.s,1.36819,1.36849,0.00029999999999996696,0,1769461612549
2026-01-27 04:06:53,GBPUSD.s,1.36807,1.36837,0.000300000000000189,0,1769461613663
2026-01-27 04:06:54,GBPUSD.s,1.3681,1.3684,0.00029999999999996696,0,1769461614193
2026-01-27 04:06:54,GBPUSD.s,1.36811,1.36841,0.00029999999999996696,0,1769461614803
2026-01-27 04:06:54,GBPUSD.s,1.36811,1.36841,0.00029999999999996696,0,1769461614803
2026-01-27 04:06:55,GBPUSD.s,1.3681,1.3684,0.00029999999999996696,0,1769461615782
2026-01-27 04:06:56,GBPUSD.s,1.36814,1.36844,0.000300000000000189,0,1769461616454
2026-01-27 04:06:56,GBPUSD.s,1.36815,1.36845,0.00029999999999996696,0,1769461616701
2026-01-27 04:06:57,GBPUSD.s,1.36815,1.36845,0.00029999999999996696,0,1769461617611
2026-01-27 04:06:57,GBPUSD.s,1.36815,1.36845,0.00029999999999996696,0,1769461617946
2026-01-27 04:06:58,GBPUSD.s,1.36814,1.36844,0.000300000000000189,0,1769461618738
2026-01-27 04:06:59,GBPUSD.s,1.36814,1.36844,0.000300000000000189,0,1769461619675
2026-01-27 04:06:59,GBPUSD.s,1.36815,1.36845,0.00029999999999996696,0,1769461619771
2026-01-27 04:07:00,GBPUSD.s,1.36815,1.36845,0.00029999999999996696,0,1769461620545
2026-01-27 04:07:01,GBPUSD.s,1.36814,1.36844,0.000300000000000189,0,1769461621404
2026-01-27 04:07:01,GBPUSD.s,1.36815,1.36845,0.00029999999999996696,0,1769461621938
2026-01-27 04:07:02,GBPUSD.s,1.36815,1.36845,0.00029999999999996696,0,1769461622485
2026-01-27 04:07:03,GBPUSD.s,1.36816,1.36846,0.00029999999999996696,0,1769461623119
2026-01-27 04:07:03,GBPUSD.s,1.36817,1.36847,0.00029999999999996696,0,1769461623337
2026-01-27 04:07:04,GBPUSD.s,1.36817,1.36847,0.00029999999999996696,0,1769461624206
2026-01-27 04:07:04,GBPUSD.s,1.36817,1.36847,0.00029999999999996696,0,1769461624326
2026-01-27 04:07:05,GBPUSD.s,1.36817,1.36847,0.00029999999999996696,0,1769461625380
2026-01-27 04:07:05,GBPUSD.s,1.36817,1.36847,0.00029999999999996696,0,1769461625380
2026-01-27 04:07:05,GBPUSD.s,1.36817,1.36847,0.00029999999999996696,0,1769461625380
2026-01-27 04:07:05,GBPUSD.s,1.36817,1.36847,0.00029999999999996696,0,1769461625380
2026-01-27 04:07:07,GBPUSD.s,1.36817,1.36847,0.00029999999999996696,0,1769461627207
2026-01-27 04:07:08,GBPUSD.s,1.36817,1.36847,0.00029999999999996696,0,1769461628067
2026-01-27 04:07:10,GBPUSD.s,1.36806,1.36836,0.00029999999999996696,0,1769461630157
2026-01-27 04:07:10,GBPUSD.s,1.36803,1.36833,0.00029999999999996696,0,1769461630627
2026-01-27 04:07:11,GBPUSD.s,1.36804,1.36834,0.00029999999999996696,0,1769461631311
2026-01-27 04:07:11,GBPUSD.s,1.36799,1.36829,0.00029999999999996696,0,1769461631814
2026-01-27 04:07:12,GBPUSD.s,1.36799,1.36829,0.00029999999999996696,0,1769461632152
2026-01-27 04:07:13,GBPUSD.s,1.36801,1.3683100000000001,0.000300000000000189,0,1769461633013
2026-01-27 04:07:13,GBPUSD.s,1.36799,1.36829,0.00029999999999996696,0,1769461633544
2026-01-27 04:07:14,GBPUSD.s,1.36799,1.36829,0.00029999999999996696,0,1769461634127
2026-01-27 04:07:14,GBPUSD.s,1.36799,1.36829,0.00029999999999996696,0,1769461634736
2026-01-27 04:07:15,GBPUSD.s,1.36799,1.36829,0.00029999999999996696,0,1769461635367
2026-01-27 04:07:15,GBPUSD.s,1.36799,1.36829,0.00029999999999996696,0,1769461635367
2026-01-27 04:07:16,GBPUSD.s,1.36799,1.36829,0.00029999999999996696,0,1769461636631
2026-01-27 04:07:16,GBPUSD.s,1.36799,1.36829,0.00029999999999996696,0,1769461636685
2026-01-27 04:07:17,GBPUSD.s,1.36799,1.36829,0.00029999999999996696,0,1769461637740
2026-01-27 04:07:17,GBPUSD.s,1.36799,1.36829,0.00029999999999996696,0,1769461637859
2026-01-27 04:07:18,GBPUSD.s,1.36799,1.36829,0.00029999999999996696,0,1769461638855
2026-01-27 04:07:18,GBPUSD.s,1.36799,1.36829,0.00029999999999996696,0,1769461638855
2026-01-27 04:07:20,GBPUSD.s,1.3679999999999999,1.3683,0.000300000000000189,0,1769461640016
2026-01-27 04:07:20,GBPUSD.s,1.36804,1.36834,0.00029999999999996696,0,1769461640537
2026-01-27 04:07:20,GBPUSD.s,1.36804,1.36834,0.00029999999999996696,0,1769461640980
2026-01-27 04:07:21,GBPUSD.s,1.36808,1.36838,0.00029999999999996696,0,1769461641755
2026-01-27 04:07:21,GBPUSD.s,1.36808,1.36838,0.00029999999999996696,0,1769461641844
2026-01-27 04:07:22,GBPUSD.s,1.36809,1.36839,0.00029999999999996696,0,1769461642776
2026-01-27 04:07:22,GBPUSD.s,1.36808,1.36838,0.00029999999999996696,0,1769461642920
2026-01-27 04:07:23,GBPUSD.s,1.36808,1.36838,0.00029999999999996696,0,1769461643900
2026-01-27 04:07:24,GBPUSD.s,1.36807,1.36837,0.000300000000000189,0,1769461644449
2026-01-27 04:07:25,GBPUSD.s,1.36807,1.36837,0.000300000000000189,0,1769461645053
2026-01-27 04:07:25,GBPUSD.s,1.36792,1.36822,0.00029999999999996696,0,1769461645675
2026-01-27 04:07:25,GBPUSD.s,1.3679000000000001,1.3682,0.00029999999999996696,0,1769461645827
2026-01-27 04:07:25,GBPUSD.s,1.3679000000000001,1.3682,0.00029999999999996696,0,1769461645827
2026-01-27 04:07:27,GBPUSD.s,1.36791,1.36821,0.00029999999999996696,0,1769461647362
2026-01-27 04:07:27,GBPUSD.s,1.36792,1.36822,0.00029999999999996696,0,1769461647640
2026-01-27 04:07:27,GBPUSD.s,1.36792,1.36822,0.00029999999999996696,0,1769461647640
2026-01-27 04:07:27,GBPUSD.s,1.36792,1.36822,0.00029999999999996696,0,1769461647640
2026-01-27 04:07:29,GBPUSD.s,1.36796,1.36826,0.00029999999999996696,0,1769461649625
2026-01-27 04:07:30,GBPUSD.s,1.36796,1.36826,0.00029999999999996696,0,1769461650015
2026-01-27 04:07:30,GBPUSD.s,1.3679700000000001,1.3682699999999999,0.0002999999999997449,0,1769461650721
2026-01-27 04:07:31,GBPUSD.s,1.3679700000000001,1.3682699999999999,0.0002999999999997449,0,1769461651144
2026-01-27 04:07:31,GBPUSD.s,1.3679700000000001,1.3682699999999999,0.0002999999999997449,0,1769461651144
2026-01-27 04:07:32,GBPUSD.s,1.3679700000000001,1.3682699999999999,0.0002999999999997449,0,1769461652137
2026-01-27 04:07:32,GBPUSD.s,1.36798,1.36828,0.00029999999999996696,0,1769461652871
2026-01-27 04:07:33,GBPUSD.s,1.36798,1.36828,0.00029999999999996696,0,1769461653542
2026-01-27 04:07:34,GBPUSD.s,1.36798,1.36828,0.00029999999999996696,0,1769461654016
2026-01-27 04:07:34,GBPUSD.s,1.36798,1.36828,0.00029999999999996696,0,1769461654016
2026-01-27 04:07:34,GBPUSD.s,1.36798,1.36828,0.00029999999999996696,0,1769461654016
2026-01-27 04:07:34,GBPUSD.s,1.36798,1.36828,0.00029999999999996696,0,1769461654016
2026-01-27 04:07:35,GBPUSD.s,1.36798,1.36828,0.00029999999999996696,0,1769461655784
2026-01-27 04:07:36,GBPUSD.s,1.36798,1.36828,0.00029999999999996696,0,1769461656640
2026-01-27 04:07:37,GBPUSD.s,1.3679700000000001,1.3682699999999999,0.0002999999999997449,0,1769461657451
2026-01-27 04:07:37,GBPUSD.s,1.3679700000000001,1.3682699999999999,0.0002999999999997449,0,1769461657854
2026-01-27 04:07:38,GBPUSD.s,1.36799,1.36829,0.00029999999999996696,0,1769461658616
2026-01-27 04:07:38,GBPUSD.s,1.36799,1.36829,0.00029999999999996696,0,1769461658833
2026-01-27 04:07:38,GBPUSD.s,1.36799,1.36829,0.00029999999999996696,0,1769461658833
2026-01-27 04:07:38,GBPUSD.s,1.36799,1.36829,0.00029999999999996696,0,1769461658833
2026-01-27 04:07:40,GBPUSD.s,1.3679999999999999,1.3683,0.000300000000000189,0,1769461660587
2026-01-27 04:07:40,GBPUSD.s,1.3679999999999999,1.3683,0.000300000000000189,0,1769461660587
2026-01-27 04:07:40,GBPUSD.s,1.3679999999999999,1.3683,0.000300000000000189,0,1769461660587
2026-01-27 04:07:40,GBPUSD.s,1.3679999999999999,1.3683,0.000300000000000189,0,1769461660587
2026-01-27 04:07:43,GBPUSD.s,1.36801,1.3683100000000001,0.000300000000000189,0,1769461663310
2026-01-27 04:07:43,GBPUSD.s,1.36801,1.3683100000000001,0.000300000000000189,0,1769461663310
2026-01-27 04:07:44,GBPUSD.s,1.36801,1.3683100000000001,0.000300000000000189,0,1769461664142
2026-01-27 04:07:44,GBPUSD.s,1.36801,1.3683100000000001,0.000300000000000189,0,1769461664992
2026-01-27 04:07:45,GBPUSD.s,1.36801,1.3683100000000001,0.000300000000000189,0,1769461665353
2026-01-27 04:07:45,GBPUSD.s,1.36801,1.3683100000000001,0.000300000000000189,0,1769461665799
2026-01-27 04:07:46,GBPUSD.s,1.36801,1.3683100000000001,0.000300000000000189,0,1769461666758
2026-01-27 04:07:47,GBPUSD.s,1.36801,1.3683100000000001,0.000300000000000189,0,1769461667398
2026-01-27 04:07:47,GBPUSD.s,1.3679999999999999,1.3683,0.000300000000000189,0,1769461667809
2026-01-27 04:07:47,GBPUSD.s,1.3679999999999999,1.3683,0.000300000000000189,0,1769461667809
2026-01-27 04:07:47,GBPUSD.s,1.3679999999999999,1.3683,0.000300000000000189,0,1769461667809
2026-01-27 04:07:49,GBPUSD.s,1.36802,1.36832,0.00029999999999996696,0,1769461669692
2026-01-27 04:07:50,GBPUSD.s,1.36802,1.36832,0.00029999999999996696,0,1769461670247
2026-01-27 04:07:50,GBPUSD.s,1.36801,1.3683100000000001,0.000300000000000189,0,1769461670767
2026-01-27 04:07:51,GBPUSD.s,1.36802,1.36832,0.00029999999999996696,0,1769461671298
2026-01-27 04:07:51,GBPUSD.s,1.36802,1.36832,0.00029999999999996696,0,1769461671769
2026-01-27 04:07:52,GBPUSD.s,1.36808,1.36838,0.00029999999999996696,0,1769461672496
2026-01-27 04:07:52,GBPUSD.s,1.36808,1.36838,0.00029999999999996696,0,1769461672690
2026-01-27 04:07:53,GBPUSD.s,1.36809,1.36839,0.00029999999999996696,0,1769461673633
2026-01-27 04:07:54,GBPUSD.s,1.36811,1.36841,0.00029999999999996696,0,1769461674182
2026-01-27 04:07:54,GBPUSD.s,1.36811,1.36841,0.00029999999999996696,0,1769461674760
2026-01-27 04:07:55,GBPUSD.s,1.36809,1.36839,0.00029999999999996696,0,1769461675342
2026-01-27 04:07:55,GBPUSD.s,1.36808,1.36838,0.00029999999999996696,0,1769461675694
2026-01-27 04:07:56,GBPUSD.s,1.36807,1.36837,0.000300000000000189,0,1769461676797
2026-01-27 04:07:57,GBPUSD.s,1.36807,1.36837,0.000300000000000189,0,1769461677214
2026-01-27 04:07:57,GBPUSD.s,1.36807,1.36837,0.000300000000000189,0,1769461677214
2026-01-27 04:07:58,GBPUSD.s,1.36807,1.36837,0.000300000000000189,0,1769461678240
2026-01-27 04:07:58,GBPUSD.s,1.36809,1.36839,0.00029999999999996696,0,1769461678762
2026-01-27 04:07:59,GBPUSD.s,1.36808,1.36838,0.00029999999999996696,0,1769461679155
2026-01-27 04:07:59,GBPUSD.s,1.36808,1.36838,0.00029999999999996696,0,1769461679868
2026-01-27 04:08:00,GBPUSD.s,1.36808,1.36838,0.00029999999999996696,0,1769461680586
2026-01-27 04:08:01,GBPUSD.s,1.36808,1.36838,0.00029999999999996696,0,1769461681017
2026-01-27 04:08:01,GBPUSD.s,1.36808,1.36838,0.00029999999999996696,0,1769461681017
2026-01-27 04:08:02,GBPUSD.s,1.36807,1.36837,0.000300000000000189,0,1769461682284
2026-01-27 04:08:02,GBPUSD.s,1.36807,1.36837,0.000300000000000189,0,1769461682562
2026-01-27 04:08:02,GBPUSD.s,1.36807,1.36837,0.000300000000000189,0,1769461682562
2026-01-27 04:08:02,GBPUSD.s,1.36807,1.36837,0.000300000000000189,0,1769461682562
2026-01-27 04:08:04,GBPUSD.s,1.36807,1.36837,0.000300000000000189,0,1769461684695
2026-01-27 04:08:05,GBPUSD.s,1.36808,1.36838,0.00029999999999996696,0,1769461685142
2026-01-27 04:08:05,GBPUSD.s,1.36807,1.36837,0.000300000000000189,0,1769461685526
2026-01-27 04:08:06,GBPUSD.s,1.36808,1.36838,0.00029999999999996696,0,1769461686505
2026-01-27 04:08:06,GBPUSD.s,1.36808,1.36838,0.00029999999999996696,0,1769461686505
2026-01-27 04:08:07,GBPUSD.s,1.36807,1.36837,0.000300000000000189,0,1769461687598
2026-01-27 04:08:07,GBPUSD.s,1.36807,1.36837,0.000300000000000189,0,1769461687842
2026-01-27 04:08:07,GBPUSD.s,1.36807,1.36837,0.000300000000000189,0,1769461687842
2026-01-27 04:08:07,GBPUSD.s,1.36807,1.36837,0.000300000000000189,0,1769461687842
2026-01-27 04:08:09,GBPUSD.s,1.36807,1.36837,0.000300000000000189,0,1769461689522
2026-01-27 04:08:10,GBPUSD.s,1.36807,1.36837,0.000300000000000189,0,1769461690189
2026-01-27 04:08:10,GBPUSD.s,1.36807,1.36837,0.000300000000000189,0,1769461690189
2026-01-27 04:08:10,GBPUSD.s,1.36807,1.36837,0.000300000000000189,0,1769461690189
2026-01-27 04:08:10,GBPUSD.s,1.36807,1.36837,0.000300000000000189,0,1769461690189
2026-01-27 04:08:10,GBPUSD.s,1.36807,1.36837,0.000300000000000189,0,1769461690189
2026-01-27 04:08:13,GBPUSD.s,1.36808,1.36838,0.00029999999999996696,0,1769461693711
2026-01-27 04:08:14,GBPUSD.s,1.36807,1.36837,0.000300000000000189,0,1769461694106
2026-01-27 04:08:15,GBPUSD.s,1.36806,1.36836,0.00029999999999996696,0,1769461695033
2026-01-27 04:08:15,GBPUSD.s,1.36806,1.36836,0.00029999999999996696,0,1769461695609
2026-01-27 04:08:15,GBPUSD.s,1.36807,1.36837,0.000300000000000189,0,1769461695870
2026-01-27 04:08:16,GBPUSD.s,1.36807,1.36837,0.000300000000000189,0,1769461696313
2026-01-27 04:08:16,GBPUSD.s,1.36807,1.36837,0.000300000000000189,0,1769461696842
2026-01-27 04:08:17,GBPUSD.s,1.36807,1.36837,0.000300000000000189,0,1769461697671
2026-01-27 04:08:17,GBPUSD.s,1.36807,1.36837,0.000300000000000189,0,1769461697671
2026-01-27 04:08:17,GBPUSD.s,1.36807,1.36837,0.000300000000000189,0,1769461697671
2026-01-27 04:08:17,GBPUSD.s,1.36807,1.36837,0.000300000000000189,0,1769461697671
2026-01-27 04:08:17,GBPUSD.s,1.36807,1.36837,0.000300000000000189,0,1769461697671
2026-01-27 04:08:20,GBPUSD.s,1.36807,1.36837,0.000300000000000189,0,1769461700572
2026-01-27 04:08:20,GBPUSD.s,1.36807,1.36837,0.000300000000000189,0,1769461700572
2026-01-27 04:08:21,GBPUSD.s,1.36807,1.36837,0.000300000000000189,0,1769461701930
2026-01-27 04:08:21,GBPUSD.s,1.36807,1.36837,0.000300000000000189,0,1769461701930
2026-01-27 04:08:21,GBPUSD.s,1.36807,1.36837,0.000300000000000189,0,1769461701930
2026-01-27 04:08:23,GBPUSD.s,1.36808,1.36838,0.00029999999999996696,0,1769461703587
2026-01-27 04:08:23,GBPUSD.s,1.36808,1.36838,0.00029999999999996696,0,1769461703794
2026-01-27 04:08:23,GBPUSD.s,1.36808,1.36838,0.00029999999999996696,0,1769461703794
2026-01-27 04:08:23,GBPUSD.s,1.36808,1.36838,0.00029999999999996696,0,1769461703794
2026-01-27 04:08:25,GBPUSD.s,1.36803,1.36833,0.00029999999999996696,0,1769461705860
2026-01-27 04:08:26,GBPUSD.s,1.36803,1.36833,0.00029999999999996696,0,1769461706318
2026-01-27 04:08:26,GBPUSD.s,1.36803,1.36833,0.00029999999999996696,0,1769461706967
2026-01-27 04:08:26,GBPUSD.s,1.36803,1.36833,0.00029999999999996696,0,1769461706967
2026-01-27 04:08:28,GBPUSD.s,1.36806,1.36836,0.00029999999999996696,0,1769461708175
2026-01-27 04:08:28,GBPUSD.s,1.36807,1.36837,0.000300000000000189,0,1769461708548
2026-01-27 04:08:28,GBPUSD.s,1.36807,1.36837,0.000300000000000189,0,1769461708548
2026-01-27 04:08:29,GBPUSD.s,1.36808,1.36838,0.00029999999999996696,0,1769461709705
2026-01-27 04:08:30,GBPUSD.s,1.36808,1.36838,0.00029999999999996696,0,1769461710296
2026-01-27 04:08:30,GBPUSD.s,1.36808,1.36838,0.00029999999999996696,0,1769461710296
2026-01-27 04:08:31,GBPUSD.s,1.36814,1.36844,0.000300000000000189,0,1769461711530
2026-01-27 04:08:32,GBPUSD.s,1.36815,1.36845,0.00029999999999996696,0,1769461712137
2026-01-27 04:08:32,GBPUSD.s,1.36816,1.36846,0.00029999999999996696,0,1769461712737
2026-01-27 04:08:33,GBPUSD.s,1.36814,1.36844,0.000300000000000189,0,1769461713135
2026-01-27 04:08:33,GBPUSD.s,1.36814,1.36844,0.000300000000000189,0,1769461713135
2026-01-27 04:08:33,GBPUSD.s,1.36814,1.36844,0.000300000000000189,0,1769461713135
2026-01-27 04:08:33,GBPUSD.s,1.36814,1.36844,0.000300000000000189,0,1769461713135
2026-01-27 04:08:35,GBPUSD.s,1.36814,1.36844,0.000300000000000189,0,1769461715440
2026-01-27 04:08:35,GBPUSD.s,1.36814,1.36844,0.000300000000000189,0,1769461715440
2026-01-27 04:08:35,GBPUSD.s,1.36814,1.36844,0.000300000000000189,0,1769461715440
2026-01-27 04:08:36,GBPUSD.s,1.36814,1.36844,0.000300000000000189,0,1769461716691
2026-01-27 04:08:36,GBPUSD.s,1.36814,1.36844,0.000300000000000189,0,1769461716691
2026-01-27 04:08:38,GBPUSD.s,1.36813,1.36843,0.00029999999999996696,0,1769461718074
2026-01-27 04:08:38,GBPUSD.s,1.36814,1.36844,0.000300000000000189,0,1769461718448
2026-01-27 04:08:38,GBPUSD.s,1.36814,1.36844,0.000300000000000189,0,1769461718448
2026-01-27 04:08:39,GBPUSD.s,1.36814,1.36844,0.000300000000000189,0,1769461719977
2026-01-27 04:08:39,GBPUSD.s,1.36814,1.36844,0.000300000000000189,0,1769461719977
2026-01-27 04:08:40,GBPUSD.s,1.36814,1.36844,0.000300000000000189,0,1769461720917
2026-01-27 04:08:41,GBPUSD.s,1.36807,1.36837,0.000300000000000189,0,1769461721705
2026-01-27 04:08:42,GBPUSD.s,1.36807,1.36837,0.000300000000000189,0,1769461722142
2026-01-27 04:08:42,GBPUSD.s,1.36807,1.36837,0.000300000000000189,0,1769461722792
2026-01-27 04:08:42,GBPUSD.s,1.36807,1.36837,0.000300000000000189,0,1769461722792
2026-01-27 04:08:43,GBPUSD.s,1.36807,1.36837,0.000300000000000189,0,1769461723915
2026-01-27 04:08:43,GBPUSD.s,1.36807,1.36837,0.000300000000000189,0,1769461723915
2026-01-27 04:08:45,GBPUSD.s,1.36807,1.36837,0.000300000000000189,0,1769461725069
2026-01-27 04:08:45,GBPUSD.s,1.36808,1.36838,0.00029999999999996696,0,1769461725931
2026-01-27 04:08:45,GBPUSD.s,1.36808,1.36838,0.00029999999999996696,0,1769461725931
2026-01-27 04:08:46,GBPUSD.s,1.36808,1.36838,0.00029999999999996696,0,1769461726593
2026-01-27 04:08:46,GBPUSD.s,1.36808,1.36838,0.00029999999999996696,0,1769461726593
2026-01-27 04:08:46,GBPUSD.s,1.36808,1.36838,0.00029999999999996696,0,1769461726593
2026-01-27 04:08:46,GBPUSD.s,1.36808,1.36838,0.00029999999999996696,0,1769461726593
2026-01-27 04:08:49,GBPUSD.s,1.36809,1.36839,0.00029999999999996696,0,1769461729297
2026-01-27 04:08:49,GBPUSD.s,1.36811,1.36841,0.00029999999999996696,0,1769461729768
2026-01-27 04:08:50,GBPUSD.s,1.36817,1.36847,0.00029999999999996696,0,1769461730488
2026-01-27 04:08:50,GBPUSD.s,1.36817,1.36847,0.00029999999999996696,0,1769461730488
2026-01-27 04:08:51,GBPUSD.s,1.36816,1.36846,0.00029999999999996696,0,1769461731444
2026-01-27 04:08:52,GBPUSD.s,1.36814,1.36844,0.000300000000000189,0,1769461732115
2026-01-27 04:08:52,GBPUSD.s,1.36814,1.36844,0.000300000000000189,0,1769461732586
2026-01-27 04:08:52,GBPUSD.s,1.36814,1.36844,0.000300000000000189,0,1769461732586
2026-01-27 04:08:53,GBPUSD.s,1.36809,1.36839,0.00029999999999996696,0,1769461733745
2026-01-27 04:08:54,GBPUSD.s,1.36816,1.36846,0.00029999999999996696,0,1769461734209
2026-01-27 04:08:54,GBPUSD.s,1.36815,1.36845,0.00029999999999996696,0,1769461734469
2026-01-27 04:08:55,GBPUSD.s,1.36814,1.36844,0.000300000000000189,0,1769461735522
2026-01-27 04:08:55,GBPUSD.s,1.36814,1.36844,0.000300000000000189,0,1769461735522
2026-01-27 04:08:55,GBPUSD.s,1.36814,1.36844,0.000300000000000189,0,1769461735522
2026-01-27 04:08:55,GBPUSD.s,1.36814,1.36844,0.000300000000000189,0,1769461735522
2026-01-27 04:08:58,GBPUSD.s,1.36815,1.36845,0.00029999999999996696,0,1769461738159
2026-01-27 04:08:58,GBPUSD.s,1.36811,1.36841,0.00029999999999996696,0,1769461738807
2026-01-27 04:08:59,GBPUSD.s,1.36809,1.36839,0.00029999999999996696,0,1769461739352
2026-01-27 04:08:59,GBPUSD.s,1.36809,1.36839,0.00029999999999996696,0,1769461739352
2026-01-27 04:09:00,GBPUSD.s,1.36809,1.36839,0.00029999999999996696,0,1769461740281
2026-01-27 04:09:00,GBPUSD.s,1.36809,1.36839,0.00029999999999996696,0,1769461740861
2026-01-27 04:09:00,GBPUSD.s,1.36809,1.36839,0.00029999999999996696,0,1769461740861
2026-01-27 04:09:02,GBPUSD.s,1.3681,1.3684,0.00029999999999996696,0,1769461742213
2026-01-27 04:09:02,GBPUSD.s,1.3681,1.3684,0.00029999999999996696,0,1769461742213
2026-01-27 04:09:02,GBPUSD.s,1.3681,1.3684,0.00029999999999996696,0,1769461742213
2026-01-27 04:09:02,GBPUSD.s,1.3681,1.3684,0.00029999999999996696,0,1769461742213
2026-01-27 04:09:04,GBPUSD.s,1.3681,1.3684,0.00029999999999996696,0,1769461744455
2026-01-27 04:09:04,GBPUSD.s,1.36809,1.36839,0.00029999999999996696,0,1769461744935
2026-01-27 04:09:05,GBPUSD.s,1.36811,1.36841,0.00029999999999996696,0,1769461745382
2026-01-27 04:09:05,GBPUSD.s,1.36813,1.36843,0.00029999999999996696,0,1769461745974
2026-01-27 04:09:06,GBPUSD.s,1.36814,1.36844,0.000300000000000189,0,1769461746470
2026-01-27 04:09:07,GBPUSD.s,1.36818,1.36848,0.00029999999999996696,0,1769461747145
2026-01-27 04:09:07,GBPUSD.s,1.36817,1.36847,0.00029999999999996696,0,1769461747474
2026-01-27 04:09:07,GBPUSD.s,1.36817,1.36847,0.00029999999999996696,0,1769461747896
2026-01-27 04:09:08,GBPUSD.s,1.36817,1.36847,0.00029999999999996696,0,1769461748572
2026-01-27 04:09:09,GBPUSD.s,1.36818,1.36848,0.00029999999999996696,0,1769461749228
2026-01-27 04:09:09,GBPUSD.s,1.36818,1.36848,0.00029999999999996696,0,1769461749615
2026-01-27 04:09:10,GBPUSD.s,1.36818,1.36848,0.00029999999999996696,0,1769461750489
2026-01-27 04:09:10,GBPUSD.s,1.36818,1.36848,0.00029999999999996696,0,1769461750993
2026-01-27 04:09:10,GBPUSD.s,1.36818,1.36848,0.00029999999999996696,0,1769461750993
2026-01-27 04:09:12,GBPUSD.s,1.36817,1.36847,0.00029999999999996696,0,1769461752225
2026-01-27 04:09:12,GBPUSD.s,1.36818,1.36848,0.00029999999999996696,0,1769461752831
2026-01-27 04:09:13,GBPUSD.s,1.36812,1.36842,0.00029999999999996696,0,1769461753519
2026-01-27 04:09:13,GBPUSD.s,1.36811,1.36841,0.00029999999999996696,0,1769461753999
2026-01-27 04:09:14,GBPUSD.s,1.3681,1.3684,0.00029999999999996696,0,1769461754521
2026-01-27 04:09:15,GBPUSD.s,1.36809,1.36839,0.00029999999999996696,0,1769461755321
2026-01-27 04:09:15,GBPUSD.s,1.36808,1.36838,0.00029999999999996696,0,1769461755496
2026-01-27 04:09:16,GBPUSD.s,1.36808,1.36838,0.00029999999999996696,0,1769461756188
2026-01-27 04:09:16,GBPUSD.s,1.36808,1.36838,0.00029999999999996696,0,1769461756188
2026-01-27 04:09:16,GBPUSD.s,1.36808,1.36838,0.00029999999999996696,0,1769461756188
2026-01-27 04:09:16,GBPUSD.s,1.36808,1.36838,0.00029999999999996696,0,1769461756188
2026-01-27 04:09:18,GBPUSD.s,1.36809,1.36839,0.00029999999999996696,0,1769461758411
2026-01-27 04:09:19,GBPUSD.s,1.36808,1.36838,0.00029999999999996696,0,1769461759278
2026-01-27 04:09:19,GBPUSD.s,1.36808,1.36838,0.00029999999999996696,0,1769461759859
2026-01-27 04:09:20,GBPUSD.s,1.36808,1.36838,0.00029999999999996696,0,1769461760135
2026-01-27 04:09:20,GBPUSD.s,1.36808,1.36838,0.00029999999999996696,0,1769461760135
2026-01-27 04:09:21,GBPUSD.s,1.36808,1.36838,0.00029999999999996696,0,1769461761414
2026-01-27 04:09:22,GBPUSD.s,1.36809,1.36839,0.00029999999999996696,0,1769461762072
2026-01-27 04:09:22,GBPUSD.s,1.3681,1.3684,0.00029999999999996696,0,1769461762600
2026-01-27 04:09:23,GBPUSD.s,1.36809,1.36839,0.00029999999999996696,0,1769461763047
2026-01-27 04:09:23,GBPUSD.s,1.36809,1.36839,0.00029999999999996696,0,1769461763047
2026-01-27 04:09:23,GBPUSD.s,1.36809,1.36839,0.00029999999999996696,0,1769461763047
2026-01-27 04:09:24,GBPUSD.s,1.36808,1.36838,0.00029999999999996696,0,1769461764453
2026-01-27 04:09:25,GBPUSD.s,1.36809,1.36839,0.00029999999999996696,0,1769461765478
2026-01-27 04:09:25,GBPUSD.s,1.36809,1.36839,0.00029999999999996696,0,1769461765957
2026-01-27 04:09:26,GBPUSD.s,1.36809,1.36839,0.00029999999999996696,0,1769461766444
2026-01-27 04:09:27,GBPUSD.s,1.36809,1.36839,0.00029999999999996696,0,1769461767305
2026-01-27 04:09:27,GBPUSD.s,1.36809,1.36839,0.00029999999999996696,0,1769461767586
2026-01-27 04:09:27,GBPUSD.s,1.36809,1.36839,0.00029999999999996696,0,1769461767586
2026-01-27 04:09:27,GBPUSD.s,1.36809,1.36839,0.00029999999999996696,0,1769461767586
2026-01-27 04:09:27,GBPUSD.s,1.36809,1.36839,0.00029999999999996696,0,1769461767586
2026-01-27 04:09:27,GBPUSD.s,1.36809,1.36839,0.00029999999999996696,0,1769461767586
2026-01-27 04:09:30,GBPUSD.s,1.3681,1.3684,0.00029999999999996696,0,1769461770513
2026-01-27 04:09:30,GBPUSD.s,1.3681,1.3684,0.00029999999999996696,0,1769461770513
2026-01-27 04:09:30,GBPUSD.s,1.3681,1.3684,0.00029999999999996696,0,1769461770513
2026-01-27 04:09:30,GBPUSD.s,1.3681,1.3684,0.00029999999999996696,0,1769461770513
2026-01-27 04:09:30,GBPUSD.s,1.3681,1.3684,0.00029999999999996696,0,1769461770513
2026-01-27 04:09:30,GBPUSD.s,1.3681,1.3684,0.00029999999999996696,0,1769461770513
2026-01-27 04:09:34,GBPUSD.s,1.3681,1.3684,0.00029999999999996696,0,1769461774044
2026-01-27 04:09:34,GBPUSD.s,1.36809,1.36839,0.00029999999999996696,0,1769461774561
2026-01-27 04:09:35,GBPUSD.s,1.36809,1.36839,0.00029999999999996696,0,1769461775144
2026-01-27 04:09:35,GBPUSD.s,1.36809,1.36839,0.00029999999999996696,0,1769461775222
2026-01-27 04:09:35,GBPUSD.s,1.36809,1.36839,0.00029999999999996696,0,1769461775222
2026-01-27 04:09:35,GBPUSD.s,1.36809,1.36839,0.00029999999999996696,0,1769461775222
2026-01-27 04:09:35,GBPUSD.s,1.36809,1.36839,0.00029999999999996696,0,1769461775222
2026-01-27 04:09:35,GBPUSD.s,1.36809,1.36839,0.00029999999999996696,0,1769461775222
2026-01-27 04:09:35,GBPUSD.s,1.36809,1.36839,0.00029999999999996696,0,1769461775222
2026-01-27 04:09:35,GBPUSD.s,1.36809,1.36839,0.00029999999999996696,0,1769461775222
2026-01-27 04:09:39,GBPUSD.s,1.36809,1.36839,0.00029999999999996696,0,1769461779390
2026-01-27 04:09:40,GBPUSD.s,1.36809,1.36839,0.00029999999999996696,0,1769461780309
2026-01-27 04:09:40,GBPUSD.s,1.36809,1.36839,0.00029999999999996696,0,1769461780309
2026-01-27 04:09:40,GBPUSD.s,1.36809,1.36839,0.00029999999999996696,0,1769461780309
2026-01-27 04:09:40,GBPUSD.s,1.36809,1.36839,0.00029999999999996696,0,1769461780309
2026-01-27 04:09:40,GBPUSD.s,1.36809,1.36839,0.00029999999999996696,0,1769461780309
2026-01-27 04:09:40,GBPUSD.s,1.36809,1.36839,0.00029999999999996696,0,1769461780309
2026-01-27 04:09:43,GBPUSD.s,1.36809,1.36839,0.00029999999999996696,0,1769461783710
2026-01-27 04:09:43,GBPUSD.s,1.36809,1.36839,0.00029999999999996696,0,1769461783937
2026-01-27 04:09:43,GBPUSD.s,1.36809,1.36839,0.00029999999999996696,0,1769461783937
2026-01-27 04:09:45,GBPUSD.s,1.36808,1.36838,0.00029999999999996696,0,1769461785366
2026-01-27 04:09:45,GBPUSD.s,1.36809,1.36839,0.00029999999999996696,0,1769461785502
2026-01-27 04:09:46,GBPUSD.s,1.36809,1.36839,0.00029999999999996696,0,1769461786437
2026-01-27 04:09:47,GBPUSD.s,1.36804,1.36834,0.00029999999999996696,0,1769461787037
2026-01-27 04:09:47,GBPUSD.s,1.36804,1.36834,0.00029999999999996696,0,1769461787238
2026-01-27 04:09:48,GBPUSD.s,1.36805,1.36835,0.00029999999999996696,0,1769461788187
2026-01-27 04:09:48,GBPUSD.s,1.36807,1.36837,0.000300000000000189,0,1769461788688
2026-01-27 04:09:49,GBPUSD.s,1.36805,1.36835,0.00029999999999996696,0,1769461789247
2026-01-27 04:09:49,GBPUSD.s,1.36805,1.36835,0.00029999999999996696,0,1769461789845
2026-01-27 04:09:50,GBPUSD.s,1.36805,1.36835,0.00029999999999996696,0,1769461790446
2026-01-27 04:09:51,GBPUSD.s,1.36806,1.36836,0.00029999999999996696,0,1769461791090
2026-01-27 04:09:51,GBPUSD.s,1.36806,1.36836,0.00029999999999996696,0,1769461791633
2026-01-27 04:09:52,GBPUSD.s,1.36807,1.36837,0.000300000000000189,0,1769461792065
2026-01-27 04:09:52,GBPUSD.s,1.36807,1.36837,0.000300000000000189,0,1769461792557
2026-01-27 04:09:52,GBPUSD.s,1.36807,1.36837,0.000300000000000189,0,1769461792876
2026-01-27 04:09:52,GBPUSD.s,1.36807,1.36837,0.000300000000000189,0,1769461792876
2026-01-27 04:09:54,GBPUSD.s,1.36808,1.36838,0.00029999999999996696,0,1769461794065
2026-01-27 04:09:54,GBPUSD.s,1.36808,1.36838,0.00029999999999996696,0,1769461794065
2026-01-27 04:09:55,GBPUSD.s,1.36808,1.36838,0.00029999999999996696,0,1769461795253
2026-01-27 04:09:56,GBPUSD.s,1.36808,1.36838,0.00029999999999996696,0,1769461796074
2026-01-27 04:09:56,GBPUSD.s,1.36808,1.36838,0.00029999999999996696,0,1769461796175
2026-01-27 04:09:56,GBPUSD.s,1.36808,1.36838,0.00029999999999996696,0,1769461796175
2026-01-27 04:09:56,GBPUSD.s,1.36808,1.36838,0.00029999999999996696,0,1769461796175
2026-01-27 04:09:58,GBPUSD.s,1.36808,1.36838,0.00029999999999996696,0,1769461798151
2026-01-27 04:09:58,GBPUSD.s,1.36808,1.36838,0.00029999999999996696,0,1769461798702
2026-01-27 04:09:58,GBPUSD.s,1.36808,1.36838,0.00029999999999996696,0,1769461798702
2026-01-27 04:10:00,GBPUSD.s,1.36806,1.36836,0.00029999999999996696,0,1769461800036
2026-01-27 04:10:00,GBPUSD.s,1.3679999999999999,1.3683,0.000300000000000189,0,1769461800625
2026-01-27 04:10:00,GBPUSD.s,1.3679999999999999,1.3683,0.000300000000000189,0,1769461800625
2026-01-27 04:10:01,GBPUSD.s,1.36801,1.3683100000000001,0.000300000000000189,0,1769461801653
2026-01-27 04:10:02,GBPUSD.s,1.3679999999999999,1.3683,0.000300000000000189,0,1769461802034
2026-01-27 04:10:02,GBPUSD.s,1.3679999999999999,1.3683,0.000300000000000189,0,1769461802659
2026-01-27 04:10:03,GBPUSD.s,1.36805,1.36835,0.00029999999999996696,0,1769461803401
2026-01-27 04:10:03,GBPUSD.s,1.36804,1.36834,0.00029999999999996696,0,1769461803823
2026-01-27 04:10:04,GBPUSD.s,1.36803,1.36833,0.00029999999999996696,0,1769461804546
2026-01-27 04:10:05,GBPUSD.s,1.36803,1.36833,0.00029999999999996696,0,1769461805055
2026-01-27 04:10:05,GBPUSD.s,1.36803,1.36833,0.00029999999999996696,0,1769461805651
2026-01-27 04:10:06,GBPUSD.s,1.36803,1.36833,0.00029999999999996696,0,1769461806235
2026-01-27 04:10:06,GBPUSD.s,1.36803,1.36833,0.00029999999999996696,0,1769461806663
2026-01-27 04:10:07,GBPUSD.s,1.36804,1.36834,0.00029999999999996696,0,1769461807328
2026-01-27 04:10:07,GBPUSD.s,1.36804,1.36834,0.00029999999999996696,0,1769461807653
2026-01-27 04:10:07,GBPUSD.s,1.36804,1.36834,0.00029999999999996696,0,1769461807653
2026-01-27 04:10:09,GBPUSD.s,1.36801,1.3683100000000001,0.000300000000000189,0,1769461809046
2026-01-27 04:10:09,GBPUSD.s,1.36802,1.36832,0.00029999999999996696,0,1769461809464
2026-01-27 04:10:10,GBPUSD.s,1.36804,1.36834,0.00029999999999996696,0,1769461810158
2026-01-27 04:10:10,GBPUSD.s,1.36803,1.36833,0.00029999999999996696,0,1769461810720
2026-01-27 04:10:10,GBPUSD.s,1.36802,1.36832,0.00029999999999996696,0,1769461810998
2026-01-27 04:10:12,GBPUSD.s,1.36801,1.3683100000000001,0.000300000000000189,0,1769461812460
2026-01-27 04:10:12,GBPUSD.s,1.36801,1.3683100000000001,0.000300000000000189,0,1769461812460
2026-01-27 04:10:13,GBPUSD.s,1.36806,1.36836,0.00029999999999996696,0,1769461813785
2026-01-27 04:10:13,GBPUSD.s,1.36806,1.36836,0.00029999999999996696,0,1769461813973
2026-01-27 04:10:14,GBPUSD.s,1.36808,1.36838,0.00029999999999996696,0,1769461814680
2026-01-27 04:10:15,GBPUSD.s,1.36808,1.36838,0.00029999999999996696,0,1769461815286
2026-01-27 04:10:16,GBPUSD.s,1.36812,1.36842,0.00029999999999996696,0,1769461816052
2026-01-27 04:10:16,GBPUSD.s,1.36811,1.36841,0.00029999999999996696,0,1769461816544
2026-01-27 04:10:17,GBPUSD.s,1.36811,1.36841,0.00029999999999996696,0,1769461817102
2026-01-27 04:10:17,GBPUSD.s,1.36809,1.36839,0.00029999999999996696,0,1769461817869
2026-01-27 04:10:18,GBPUSD.s,1.3681,1.3684,0.00029999999999996696,0,1769461818320
2026-01-27 04:10:18,GBPUSD.s,1.3681,1.3684,0.00029999999999996696,0,1769461818708
2026-01-27 04:10:18,GBPUSD.s,1.3681,1.3684,0.00029999999999996696,0,1769461818708
2026-01-27 04:10:20,GBPUSD.s,1.3681,1.3684,0.00029999999999996696,0,1769461820058
2026-01-27 04:10:20,GBPUSD.s,1.36811,1.36841,0.00029999999999996696,0,1769461820118
2026-01-27 04:10:20,GBPUSD.s,1.36811,1.36841,0.00029999999999996696,0,1769461820849
2026-01-27 04:10:20,GBPUSD.s,1.36811,1.36841,0.00029999999999996696,0,1769461820849
2026-01-27 04:10:20,GBPUSD.s,1.36811,1.36841,0.00029999999999996696,0,1769461820849
2026-01-27 04:10:22,GBPUSD.s,1.36811,1.36841,0.00029999999999996696,0,1769461822496
2026-01-27 04:10:22,GBPUSD.s,1.36811,1.36841,0.00029999999999996696,0,1769461822496
2026-01-27 04:10:23,GBPUSD.s,1.36811,1.36841,0.00029999999999996696,0,1769461823935
2026-01-27 04:10:24,GBPUSD.s,1.36812,1.36842,0.00029999999999996696,0,1769461824314
2026-01-27 04:10:25,GBPUSD.s,1.36812,1.36842,0.00029999999999996696,0,1769461825121
2026-01-27 04:10:25,GBPUSD.s,1.36812,1.36842,0.00029999999999996696,0,1769461825402
2026-01-27 04:10:26,GBPUSD.s,1.3681,1.3684,0.00029999999999996696,0,1769461826118
2026-01-27 04:10:26,GBPUSD.s,1.3681,1.3684,0.00029999999999996696,0,1769461826516
2026-01-27 04:10:26,GBPUSD.s,1.3681,1.3684,0.00029999999999996696,0,1769461826516
2026-01-27 04:10:27,GBPUSD.s,1.36808,1.36838,0.00029999999999996696,0,1769461827938
2026-01-27 04:10:27,GBPUSD.s,1.36808,1.36838,0.00029999999999996696,0,1769461827938
2026-01-27 04:10:27,GBPUSD.s,1.36808,1.36838,0.00029999999999996696,0,1769461827938
2026-01-27 04:10:27,GBPUSD.s,1.36808,1.36838,0.00029999999999996696,0,1769461827938
2026-01-27 04:10:27,GBPUSD.s,1.36808,1.36838,0.00029999999999996696,0,1769461827938
2026-01-27 04:10:30,GBPUSD.s,1.36808,1.36838,0.00029999999999996696,0,1769461830356
2026-01-27 04:10:30,GBPUSD.s,1.36808,1.36838,0.00029999999999996696,0,1769461830958
2026-01-27 04:10:30,GBPUSD.s,1.36808,1.36838,0.00029999999999996696,0,1769461830958
2026-01-27 04:10:32,GBPUSD.s,1.36806,1.36836,0.00029999999999996696,0,1769461832459
2026-01-27 04:10:32,GBPUSD.s,1.36806,1.36836,0.00029999999999996696,0,1769461832914
2026-01-27 04:10:33,GBPUSD.s,1.36806,1.36836,0.00029999999999996696,0,1769461833390
2026-01-27 04:10:33,GBPUSD.s,1.36806,1.36836,0.00029999999999996696,0,1769461833390
2026-01-27 04:10:34,GBPUSD.s,1.36806,1.36836,0.00029999999999996696,0,1769461834499
2026-01-27 04:10:34,GBPUSD.s,1.36805,1.36835,0.00029999999999996696,0,1769461834952
2026-01-27 04:10:35,GBPUSD.s,1.36805,1.36835,0.00029999999999996696,0,1769461835674
2026-01-27 04:10:36,GBPUSD.s,1.36799,1.36829,0.00029999999999996696,0,1769461836349
2026-01-27 04:10:36,GBPUSD.s,1.36799,1.36829,0.00029999999999996696,0,1769461836942
2026-01-27 04:10:37,GBPUSD.s,1.36799,1.36829,0.00029999999999996696,0,1769461837523
2026-01-27 04:10:38,GBPUSD.s,1.36802,1.36832,0.00029999999999996696,0,1769461838067
2026-01-27 04:10:38,GBPUSD.s,1.36801,1.3683100000000001,0.000300000000000189,0,1769461838587
2026-01-27 04:10:39,GBPUSD.s,1.36802,1.36832,0.00029999999999996696,0,1769461839175
2026-01-27 04:10:39,GBPUSD.s,1.36802,1.36832,0.00029999999999996696,0,1769461839633
2026-01-27 04:10:39,GBPUSD.s,1.36802,1.36832,0.00029999999999996696,0,1769461839633
2026-01-27 04:10:40,GBPUSD.s,1.36802,1.36832,0.00029999999999996696,0,1769461840607
2026-01-27 04:10:41,GBPUSD.s,1.36803,1.36833,0.00029999999999996696,0,1769461841350
2026-01-27 04:10:41,GBPUSD.s,1.36804,1.36834,0.00029999999999996696,0,1769461841855
2026-01-27 04:10:41,GBPUSD.s,1.36804,1.36834,0.00029999999999996696,0,1769461841855
2026-01-27 04:10:42,GBPUSD.s,1.36804,1.36834,0.00029999999999996696,0,1769461842878
2026-01-27 04:10:42,GBPUSD.s,1.36804,1.36834,0.00029999999999996696,0,1769461842878
2026-01-27 04:10:42,GBPUSD.s,1.36804,1.36834,0.00029999999999996696,0,1769461842878
2026-01-27 04:10:42,GBPUSD.s,1.36804,1.36834,0.00029999999999996696,0,1769461842878
2026-01-27 04:10:45,GBPUSD.s,1.36804,1.36834,0.00029999999999996696,0,1769461845281
2026-01-27 04:10:45,GBPUSD.s,1.36804,1.36834,0.00029999999999996696,0,1769461845789
2026-01-27 04:10:46,GBPUSD.s,1.36803,1.36833,0.00029999999999996696,0,1769461846393
2026-01-27 04:10:46,GBPUSD.s,1.36803,1.36833,0.00029999999999996696,0,1769461846872
2026-01-27 04:10:47,GBPUSD.s,1.36803,1.36833,0.00029999999999996696,0,1769461847230
2026-01-27 04:10:48,GBPUSD.s,1.36804,1.36834,0.00029999999999996696,0,1769461848153
2026-01-27 04:10:48,GBPUSD.s,1.36804,1.36834,0.00029999999999996696,0,1769461848675
2026-01-27 04:10:49,GBPUSD.s,1.36804,1.36834,0.00029999999999996696,0,1769461849250
2026-01-27 04:10:49,GBPUSD.s,1.36804,1.36834,0.00029999999999996696,0,1769461849607
2026-01-27 04:10:50,GBPUSD.s,1.36804,1.36834,0.00029999999999996696,0,1769461850432
2026-01-27 04:10:50,GBPUSD.s,1.36804,1.36834,0.00029999999999996696,0,1769461850882
2026-01-27 04:10:51,GBPUSD.s,1.36803,1.36833,0.00029999999999996696,0,1769461851366
2026-01-27 04:10:51,GBPUSD.s,1.36803,1.36833,0.00029999999999996696,0,1769461851959
2026-01-27 04:10:52,GBPUSD.s,1.36803,1.36833,0.00029999999999996696,0,1769461852616
2026-01-27 04:10:53,GBPUSD.s,1.36804,1.36834,0.00029999999999996696,0,1769461853230
2026-01-27 04:10:53,GBPUSD.s,1.36804,1.36834,0.00029999999999996696,0,1769461853767
2026-01-27 04:10:54,GBPUSD.s,1.36804,1.36834,0.00029999999999996696,0,1769461854127
2026-01-27 04:10:54,GBPUSD.s,1.36804,1.36834,0.00029999999999996696,0,1769461854776
2026-01-27 04:10:54,GBPUSD.s,1.36804,1.36834,0.00029999999999996696,0,1769461854776
2026-01-27 04:10:54,GBPUSD.s,1.36804,1.36834,0.00029999999999996696,0,1769461854776
2026-01-27 04:10:54,GBPUSD.s,1.36804,1.36834,0.00029999999999996696,0,1769461854776
2026-01-27 04:10:54,GBPUSD.s,1.36804,1.36834,0.00029999999999996696,0,1769461854776
2026-01-27 04:10:57,GBPUSD.s,1.36804,1.36834,0.00029999999999996696,0,1769461857678
2026-01-27 04:10:58,GBPUSD.s,1.36806,1.36836,0.00029999999999996696,0,1769461858210
2026-01-27 04:10:58,GBPUSD.s,1.36804,1.36834,0.00029999999999996696,0,1769461858447
2026-01-27 04:10:59,GBPUSD.s,1.36801,1.3683100000000001,0.000300000000000189,0,1769461859370
2026-01-27 04:10:59,GBPUSD.s,1.3679999999999999,1.3683,0.000300000000000189,0,1769461859620
2026-01-27 04:11:00,GBPUSD.s,1.36804,1.36834,0.00029999999999996696,0,1769461860344
2026-01-27 04:11:00,GBPUSD.s,1.36804,1.36834,0.00029999999999996696,0,1769461860550
2026-01-27 04:11:00,GBPUSD.s,1.36804,1.36834,0.00029999999999996696,0,1769461860550
2026-01-27 04:11:00,GBPUSD.s,1.36804,1.36834,0.00029999999999996696,0,1769461860550
2026-01-27 04:11:00,GBPUSD.s,1.36804,1.36834,0.00029999999999996696,0,1769461860550
2026-01-27 04:11:03,GBPUSD.s,1.36807,1.36837,0.000300000000000189,0,1769461863105
2026-01-27 04:11:03,GBPUSD.s,1.36807,1.36837,0.000300000000000189,0,1769461863105
2026-01-27 04:11:03,GBPUSD.s,1.36807,1.36837,0.000300000000000189,0,1769461863105
2026-01-27 04:11:04,GBPUSD.s,1.36809,1.36839,0.00029999999999996696,0,1769461864964
2026-01-27 04:11:05,GBPUSD.s,1.36809,1.36839,0.00029999999999996696,0,1769461865380
2026-01-27 04:11:06,GBPUSD.s,1.36809,1.36839,0.00029999999999996696,0,1769461866119
2026-01-27 04:11:06,GBPUSD.s,1.36807,1.36837,0.000300000000000189,0,1769461866321
2026-01-27 04:11:06,GBPUSD.s,1.36807,1.36837,0.000300000000000189,0,1769461866928
2026-01-27 04:11:07,GBPUSD.s,1.36808,1.36838,0.00029999999999996696,0,1769461867399
2026-01-27 04:11:08,GBPUSD.s,1.36808,1.36838,0.00029999999999996696,0,1769461868202
2026-01-27 04:11:08,GBPUSD.s,1.36808,1.36838,0.00029999999999996696,0,1769461868202
2026-01-27 04:11:08,GBPUSD.s,1.36808,1.36838,0.00029999999999996696,0,1769461868202
2026-01-27 04:11:09,GBPUSD.s,1.36807,1.36837,0.000300000000000189,0,1769461869995
2026-01-27 04:11:10,GBPUSD.s,1.36807,1.36837,0.000300000000000189,0,1769461870633
2026-01-27 04:11:11,GBPUSD.s,1.36807,1.36837,0.000300000000000189,0,1769461871092
2026-01-27 04:11:11,GBPUSD.s,1.36806,1.36836,0.00029999999999996696,0,1769461871714
2026-01-27 04:11:12,GBPUSD.s,1.36806,1.36836,0.00029999999999996696,0,1769461872342
2026-01-27 04:11:13,GBPUSD.s,1.36805,1.36835,0.00029999999999996696,0,1769461873217
2026-01-27 04:11:13,GBPUSD.s,1.36805,1.36835,0.00029999999999996696,0,1769461873680
2026-01-27 04:11:13,GBPUSD.s,1.36805,1.36835,0.00029999999999996696,0,1769461873680
2026-01-27 04:11:14,GBPUSD.s,1.36806,1.36836,0.00029999999999996696,0,1769461874920
2026-01-27 04:11:15,GBPUSD.s,1.36806,1.36836,0.00029999999999996696,0,1769461875536
2026-01-27 04:11:15,GBPUSD.s,1.36807,1.36837,0.000300000000000189,0,1769461875978
2026-01-27 04:11:15,GBPUSD.s,1.36807,1.36837,0.000300000000000189,0,1769461875978
2026-01-27 04:11:17,GBPUSD.s,1.36806,1.36836,0.00029999999999996696,0,1769461877163
2026-01-27 04:11:17,GBPUSD.s,1.3679999999999999,1.3683,0.000300000000000189,0,1769461877788
2026-01-27 04:11:18,GBPUSD.s,1.3679999999999999,1.3683,0.000300000000000189,0,1769461878127
2026-01-27 04:11:18,GBPUSD.s,1.3679999999999999,1.3683,0.000300000000000189,0,1769461878127
2026-01-27 04:11:19,GBPUSD.s,1.36806,1.36836,0.00029999999999996696,0,1769461879573
2026-01-27 04:11:20,GBPUSD.s,1.36807,1.36837,0.000300000000000189,0,1769461880099
2026-01-27 04:11:20,GBPUSD.s,1.36804,1.36834,0.00029999999999996696,0,1769461880624
2026-01-27 04:11:21,GBPUSD.s,1.36804,1.36834,0.00029999999999996696,0,1769461881014
2026-01-27 04:11:21,GBPUSD.s,1.36805,1.36835,0.00029999999999996696,0,1769461881816
2026-01-27 04:11:21,GBPUSD.s,1.36805,1.36835,0.00029999999999996696,0,1769461881888
2026-01-27 04:11:21,GBPUSD.s,1.36805,1.36835,0.00029999999999996696,0,1769461881888
2026-01-27 04:11:23,GBPUSD.s,1.36804,1.36834,0.00029999999999996696,0,1769461883466
2026-01-27 04:11:23,GBPUSD.s,1.36804,1.36834,0.00029999999999996696,0,1769461883466
2026-01-27 04:11:24,GBPUSD.s,1.36804,1.36834,0.00029999999999996696,0,1769461884448
2026-01-27 04:11:25,GBPUSD.s,1.36805,1.36835,0.00029999999999996696,0,1769461885237
2026-01-27 04:11:25,GBPUSD.s,1.36805,1.36835,0.00029999999999996696,0,1769461885657
2026-01-27 04:11:26,GBPUSD.s,1.36805,1.36835,0.00029999999999996696,0,1769461886079
2026-01-27 04:11:26,GBPUSD.s,1.36804,1.36834,0.00029999999999996696,0,1769461886656
2026-01-27 04:11:26,GBPUSD.s,1.36804,1.36834,0.00029999999999996696,0,1769461886656
2026-01-27 04:11:27,GBPUSD.s,1.36807,1.36837,0.000300000000000189,0,1769461887861
2026-01-27 04:11:28,GBPUSD.s,1.36809,1.36839,0.00029999999999996696,0,1769461888475
2026-01-27 04:11:29,GBPUSD.s,1.36809,1.36839,0.00029999999999996696,0,1769461889009
2026-01-27 04:11:29,GBPUSD.s,1.36808,1.36838,0.00029999999999996696,0,1769461889537
2026-01-27 04:11:30,GBPUSD.s,1.36809,1.36839,0.00029999999999996696,0,1769461890339
2026-01-27 04:11:30,GBPUSD.s,1.3681,1.3684,0.00029999999999996696,0,1769461890609
2026-01-27 04:11:31,GBPUSD.s,1.36812,1.36842,0.00029999999999996696,0,1769461891433
2026-01-27 04:11:31,GBPUSD.s,1.36812,1.36842,0.00029999999999996696,0,1769461891918
2026-01-27 04:11:32,GBPUSD.s,1.36811,1.36841,0.00029999999999996696,0,1769461892332
2026-01-27 04:11:33,GBPUSD.s,1.36811,1.36841,0.00029999999999996696,0,1769461893181
2026-01-27 04:11:33,GBPUSD.s,1.36811,1.36841,0.00029999999999996696,0,1769461893652
2026-01-27 04:11:34,GBPUSD.s,1.36811,1.36841,0.00029999999999996696,0,1769461894454
2026-01-27 04:11:34,GBPUSD.s,1.36811,1.36841,0.00029999999999996696,0,1769461894637
2026-01-27 04:11:35,GBPUSD.s,1.36811,1.36841,0.00029999999999996696,0,1769461895525
2026-01-27 04:11:35,GBPUSD.s,1.36811,1.36841,0.00029999999999996696,0,1769461895525
2026-01-27 04:11:36,GBPUSD.s,1.36811,1.36841,0.00029999999999996696,0,1769461896312
2026-01-27 04:11:37,GBPUSD.s,1.36811,1.36841,0.00029999999999996696,0,1769461897076
2026-01-27 04:11:37,GBPUSD.s,1.36811,1.36841,0.00029999999999996696,0,1769461897510
2026-01-27 04:11:37,GBPUSD.s,1.36811,1.36841,0.00029999999999996696,0,1769461897510
2026-01-27 04:11:37,GBPUSD.s,1.36811,1.36841,0.00029999999999996696,0,1769461897510
2026-01-27 04:11:39,GBPUSD.s,1.36812,1.36842,0.00029999999999996696,0,1769461899416
2026-01-27 04:11:40,GBPUSD.s,1.36812,1.36842,0.00029999999999996696,0,1769461900022
2026-01-27 04:11:40,GBPUSD.s,1.36812,1.36842,0.00029999999999996696,0,1769461900408
2026-01-27 04:11:40,GBPUSD.s,1.36812,1.36842,0.00029999999999996696,0,1769461900852
2026-01-27 04:11:40,GBPUSD.s,1.36812,1.36842,0.00029999999999996696,0,1769461900852
2026-01-27 04:11:42,GBPUSD.s,1.36811,1.36841,0.00029999999999996696,0,1769461902409
2026-01-27 04:11:42,GBPUSD.s,1.36811,1.36841,0.00029999999999996696,0,1769461902977
2026-01-27 04:11:42,GBPUSD.s,1.36811,1.36841,0.00029999999999996696,0,1769461902977
2026-01-27 04:11:42,GBPUSD.s,1.36811,1.36841,0.00029999999999996696,0,1769461902977
2026-01-27 04:11:44,GBPUSD.s,1.3681,1.3684,0.00029999999999996696,0,1769461904424
2026-01-27 04:11:45,GBPUSD.s,1.36809,1.36839,0.00029999999999996696,0,1769461905507
2026-01-27 04:11:46,GBPUSD.s,1.36808,1.36838,0.00029999999999996696,0,1769461906081
2026-01-27 04:11:46,GBPUSD.s,1.36808,1.36838,0.00029999999999996696,0,1769461906429
2026-01-27 04:11:46,GBPUSD.s,1.36808,1.36838,0.00029999999999996696,0,1769461906429
2026-01-27 04:11:46,GBPUSD.s,1.36808,1.36838,0.00029999999999996696,0,1769461906429
2026-01-27 04:11:46,GBPUSD.s,1.36808,1.36838,0.00029999999999996696,0,1769461906429
2026-01-27 04:11:48,GBPUSD.s,1.36807,1.36837,0.000300000000000189,0,1769461908962
2026-01-27 04:11:49,GBPUSD.s,1.36803,1.36833,0.00029999999999996696,0,1769461909434
2026-01-27 04:11:50,GBPUSD.s,1.36803,1.36833,0.00029999999999996696,0,1769461910062
2026-01-27 04:11:50,GBPUSD.s,1.36803,1.36833,0.00029999999999996696,0,1769461910133
2026-01-27 04:11:51,GBPUSD.s,1.36803,1.36833,0.00029999999999996696,0,1769461911085
2026-01-27 04:11:51,GBPUSD.s,1.36803,1.36833,0.00029999999999996696,0,1769461911738
2026-01-27 04:11:52,GBPUSD.s,1.36803,1.36833,0.00029999999999996696,0,1769461912353
2026-01-27 04:11:52,GBPUSD.s,1.36801,1.3683100000000001,0.000300000000000189,0,1769461912871
2026-01-27 04:11:53,GBPUSD.s,1.36799,1.36829,0.00029999999999996696,0,1769461913484
2026-01-27 04:11:54,GBPUSD.s,1.36799,1.36829,0.00029999999999996696,0,1769461914058
2026-01-27 04:11:54,GBPUSD.s,1.36798,1.36828,0.00029999999999996696,0,1769461914554
2026-01-27 04:11:55,GBPUSD.s,1.36798,1.36828,0.00029999999999996696,0,1769461915064
2026-01-27 04:11:55,GBPUSD.s,1.36798,1.36828,0.00029999999999996696,0,1769461915722
2026-01-27 04:11:55,GBPUSD.s,1.36798,1.36828,0.00029999999999996696,0,1769461915722
2026-01-27 04:11:56,GBPUSD.s,1.36798,1.36828,0.00029999999999996696,0,1769461916685
2026-01-27 04:11:57,GBPUSD.s,1.36798,1.36828,0.00029999999999996696,0,1769461917268
2026-01-27 04:11:57,GBPUSD.s,1.36799,1.36829,0.00029999999999996696,0,1769461917960
2026-01-27 04:11:58,GBPUSD.s,1.36799,1.36829,0.00029999999999996696,0,1769461918239
2026-01-27 04:11:58,GBPUSD.s,1.36799,1.36829,0.00029999999999996696,0,1769461918239
2026-01-27 04:11:58,GBPUSD.s,1.36799,1.36829,0.00029999999999996696,0,1769461918239
2026-01-27 04:12:00,GBPUSD.s,1.36794,1.3682400000000001,0.000300000000000189,0,1769461920225
2026-01-27 04:12:00,GBPUSD.s,1.36796,1.36826,0.00029999999999996696,0,1769461920879
2026-01-27 04:12:01,GBPUSD.s,1.3679299999999999,1.36823,0.000300000000000189,0,1769461921462
2026-01-27 04:12:01,GBPUSD.s,1.36791,1.36821,0.00029999999999996696,0,1769461921991
2026-01-27 04:12:01,GBPUSD.s,1.36791,1.36821,0.00029999999999996696,0,1769461921991
2026-01-27 04:12:01,GBPUSD.s,1.36791,1.36821,0.00029999999999996696,0,1769461921991
2026-01-27 04:12:01,GBPUSD.s,1.36791,1.36821,0.00029999999999996696,0,1769461921991
2026-01-27 04:12:04,GBPUSD.s,1.3679000000000001,1.3682,0.00029999999999996696,0,1769461924279
2026-01-27 04:12:04,GBPUSD.s,1.36789,1.36819,0.00029999999999996696,0,1769461924744
2026-01-27 04:12:04,GBPUSD.s,1.36789,1.36819,0.00029999999999996696,0,1769461924981
2026-01-27 04:12:04,GBPUSD.s,1.36789,1.36819,0.00029999999999996696,0,1769461924981
2026-01-27 04:12:06,GBPUSD.s,1.36791,1.36821,0.00029999999999996696,0,1769461926158
2026-01-27 04:12:07,GBPUSD.s,1.3679000000000001,1.3682,0.00029999999999996696,0,1769461927058
2026-01-27 04:12:07,GBPUSD.s,1.36791,1.36821,0.00029999999999996696,0,1769461927273
2026-01-27 04:12:07,GBPUSD.s,1.36791,1.36821,0.00029999999999996696,0,1769461927273
2026-01-27 04:12:07,GBPUSD.s,1.36791,1.36821,0.00029999999999996696,0,1769461927273
2026-01-27 04:12:09,GBPUSD.s,1.36791,1.36821,0.00029999999999996696,0,1769461929120
2026-01-27 04:12:09,GBPUSD.s,1.36791,1.36821,0.00029999999999996696,0,1769461929120
2026-01-27 04:12:10,GBPUSD.s,1.36792,1.36822,0.00029999999999996696,0,1769461930110
2026-01-27 04:12:10,GBPUSD.s,1.36792,1.36822,0.00029999999999996696,0,1769461930110
2026-01-27 04:12:11,GBPUSD.s,1.36799,1.36829,0.00029999999999996696,0,1769461931576
2026-01-27 04:12:11,GBPUSD.s,1.36799,1.36829,0.00029999999999996696,0,1769461931970
2026-01-27 04:12:12,GBPUSD.s,1.3679700000000001,1.3682699999999999,0.0002999999999997449,0,1769461932476
2026-01-27 04:12:13,GBPUSD.s,1.36798,1.36828,0.00029999999999996696,0,1769461933243
2026-01-27 04:12:14,GBPUSD.s,1.3679700000000001,1.3682699999999999,0.0002999999999997449,0,1769461934320
2026-01-27 04:12:14,GBPUSD.s,1.36798,1.36828,0.00029999999999996696,0,1769461934742
2026-01-27 04:12:14,GBPUSD.s,1.36798,1.36828,0.00029999999999996696,0,1769461934742
2026-01-27 04:12:16,GBPUSD.s,1.3679700000000001,1.3682699999999999,0.0002999999999997449,0,1769461936102
2026-01-27 04:12:16,GBPUSD.s,1.3679700000000001,1.3682699999999999,0.0002999999999997449,0,1769461936372
2026-01-27 04:12:17,GBPUSD.s,1.3679700000000001,1.3682699999999999,0.0002999999999997449,0,1769461937285
2026-01-27 04:12:17,GBPUSD.s,1.3679700000000001,1.3682699999999999,0.0002999999999997449,0,1769461937285
2026-01-27 04:12:18,GBPUSD.s,1.36798,1.36828,0.00029999999999996696,0,1769461938177
2026-01-27 04:12:18,GBPUSD.s,1.3679999999999999,1.3683,0.000300000000000189,0,1769461938985
2026-01-27 04:12:18,GBPUSD.s,1.3679999999999999,1.3683,0.000300000000000189,0,1769461938985
2026-01-27 04:12:20,GBPUSD.s,1.3679999999999999,1.3683,0.000300000000000189,0,1769461940087
2026-01-27 04:12:20,GBPUSD.s,1.3679999999999999,1.3683,0.000300000000000189,0,1769461940702
2026-01-27 04:12:21,GBPUSD.s,1.3679999999999999,1.3683,0.000300000000000189,0,1769461941269
2026-01-27 04:12:21,GBPUSD.s,1.36798,1.36828,0.00029999999999996696,0,1769461941786
2026-01-27 04:12:21,GBPUSD.s,1.36798,1.36828,0.00029999999999996696,0,1769461941786
2026-01-27 04:12:21,GBPUSD.s,1.36798,1.36828,0.00029999999999996696,0,1769461941786
2026-01-27 04:12:21,GBPUSD.s,1.36798,1.36828,0.00029999999999996696,0,1769461941786
2026-01-27 04:12:24,GBPUSD.s,1.3679700000000001,1.3682699999999999,0.0002999999999997449,0,1769461944049
2026-01-27 04:12:24,GBPUSD.s,1.36796,1.36826,0.00029999999999996696,0,1769461944428
2026-01-27 04:12:25,GBPUSD.s,1.3679299999999999,1.36823,0.000300000000000189,0,1769461945153
2026-01-27 04:12:25,GBPUSD.s,1.3679299999999999,1.36823,0.000300000000000189,0,1769461945596
2026-01-27 04:12:26,GBPUSD.s,1.3679299999999999,1.36823,0.000300000000000189,0,1769461946086
2026-01-27 04:12:26,GBPUSD.s,1.36795,1.36825,0.00029999999999996696,0,1769461946769
2026-01-27 04:12:27,GBPUSD.s,1.36795,1.36825,0.00029999999999996696,0,1769461947445
2026-01-27 04:12:28,GBPUSD.s,1.36795,1.36825,0.00029999999999996696,0,1769461948044
2026-01-27 04:12:28,GBPUSD.s,1.36795,1.36825,0.00029999999999996696,0,1769461948612
2026-01-27 04:12:28,GBPUSD.s,1.36795,1.36825,0.00029999999999996696,0,1769461948612
2026-01-27 04:12:28,GBPUSD.s,1.36795,1.36825,0.00029999999999996696,0,1769461948612
2026-01-27 04:12:28,GBPUSD.s,1.36795,1.36825,0.00029999999999996696,0,1769461948612
2026-01-27 04:12:28,GBPUSD.s,1.36795,1.36825,0.00029999999999996696,0,1769461948612
2026-01-27 04:12:28,GBPUSD.s,1.36795,1.36825,0.00029999999999996696,0,1769461948612
2026-01-27 04:12:31,GBPUSD.s,1.36794,1.3682400000000001,0.000300000000000189,0,1769461951969
2026-01-27 04:12:32,GBPUSD.s,1.3679700000000001,1.3682699999999999,0.0002999999999997449,0,1769461952429
2026-01-27 04:12:32,GBPUSD.s,1.3679700000000001,1.3682699999999999,0.0002999999999997449,0,1769461952429
2026-01-27 04:12:33,GBPUSD.s,1.3679700000000001,1.3682699999999999,0.0002999999999997449,0,1769461953527
2026-01-27 04:12:34,GBPUSD.s,1.3679700000000001,1.3682699999999999,0.0002999999999997449,0,1769461954098
2026-01-27 04:12:34,GBPUSD.s,1.3679700000000001,1.3682699999999999,0.0002999999999997449,0,1769461954630
2026-01-27 04:12:35,GBPUSD.s,1.3679700000000001,1.3682699999999999,0.0002999999999997449,0,1769461955251
2026-01-27 04:12:35,GBPUSD.s,1.3679700000000001,1.3682699999999999,0.0002999999999997449,0,1769461955251
2026-01-27 04:12:36,GBPUSD.s,1.36798,1.36828,0.00029999999999996696,0,1769461956148
2026-01-27 04:12:36,GBPUSD.s,1.36798,1.36828,0.00029999999999996696,0,1769461956148
2026-01-27 04:12:36,GBPUSD.s,1.36798,1.36828,0.00029999999999996696,0,1769461956148
2026-01-27 04:12:36,GBPUSD.s,1.36798,1.36828,0.00029999999999996696,0,1769461956148
2026-01-27 04:12:38,GBPUSD.s,1.3679700000000001,1.3682699999999999,0.0002999999999997449,0,1769461958779
2026-01-27 04:12:38,GBPUSD.s,1.36798,1.36828,0.00029999999999996696,0,1769461958960
2026-01-27 04:12:39,GBPUSD.s,1.36798,1.36828,0.00029999999999996696,0,1769461959887
2026-01-27 04:12:40,GBPUSD.s,1.36798,1.36828,0.00029999999999996696,0,1769461960388
2026-01-27 04:12:40,GBPUSD.s,1.36798,1.36828,0.00029999999999996696,0,1769461960388
2026-01-27 04:12:41,GBPUSD.s,1.36798,1.36828,0.00029999999999996696,0,1769461961849
2026-01-27 04:12:42,GBPUSD.s,1.36798,1.36828,0.00029999999999996696,0,1769461962331
2026-01-27 04:12:42,GBPUSD.s,1.3679700000000001,1.3682699999999999,0.0002999999999997449,0,1769461962735
2026-01-27 04:12:42,GBPUSD.s,1.3679700000000001,1.3682699999999999,0.0002999999999997449,0,1769461962735
2026-01-27 04:12:42,GBPUSD.s,1.3679700000000001,1.3682699999999999,0.0002999999999997449,0,1769461962735
2026-01-27 04:12:44,GBPUSD.s,1.3679700000000001,1.3682699999999999,0.0002999999999997449,0,1769461964632
2026-01-27 04:12:44,GBPUSD.s,1.36796,1.36826,0.00029999999999996696,0,1769461964958
2026-01-27 04:12:45,GBPUSD.s,1.3679700000000001,1.3682699999999999,0.0002999999999997449,0,1769461965673
2026-01-27 04:12:46,GBPUSD.s,1.3679700000000001,1.3682699999999999,0.0002999999999997449,0,1769461966326
2026-01-27 04:12:46,GBPUSD.s,1.3679700000000001,1.3682699999999999,0.0002999999999997449,0,1769461966948
2026-01-27 04:12:47,GBPUSD.s,1.36798,1.36828,0.00029999999999996696,0,1769461967526
2026-01-27 04:12:47,GBPUSD.s,1.36798,1.36828,0.00029999999999996696,0,1769461967526
2026-01-27 04:12:48,GBPUSD.s,1.36798,1.36828,0.00029999999999996696,0,1769461968448
2026-01-27 04:12:48,GBPUSD.s,1.36798,1.36828,0.00029999999999996696,0,1769461968448
2026-01-27 04:12:48,GBPUSD.s,1.36798,1.36828,0.00029999999999996696,0,1769461968448
2026-01-27 04:12:48,GBPUSD.s,1.36798,1.36828,0.00029999999999996696,0,1769461968448
2026-01-27 04:12:48,GBPUSD.s,1.36798,1.36828,0.00029999999999996696,0,1769461968448
2026-01-27 04:12:48,GBPUSD.s,1.36798,1.36828,0.00029999999999996696,0,1769461968448
2026-01-27 04:12:51,GBPUSD.s,1.36799,1.36829,0.00029999999999996696,0,1769461971975
2026-01-27 04:12:52,GBPUSD.s,1.36798,1.36828,0.00029999999999996696,0,1769461972279
2026-01-27 04:12:53,GBPUSD.s,1.36796,1.36826,0.00029999999999996696,0,1769461973017
2026-01-27 04:12:53,GBPUSD.s,1.3679700000000001,1.3682699999999999,0.0002999999999997449,0,1769461973747
2026-01-27 04:12:53,GBPUSD.s,1.3679700000000001,1.3682699999999999,0.0002999999999997449,0,1769461973945
2026-01-27 04:12:53,GBPUSD.s,1.3679700000000001,1.3682699999999999,0.0002999999999997449,0,1769461973945
2026-01-27 04:12:54,GBPUSD.s,1.3679700000000001,1.3682699999999999,0.0002999999999997449,0,1769461974983
2026-01-27 04:12:55,GBPUSD.s,1.3679700000000001,1.3682699999999999,0.0002999999999997449,0,1769461975652
2026-01-27 04:12:55,GBPUSD.s,1.3679700000000001,1.3682699999999999,0.0002999999999997449,0,1769461975652
2026-01-27 04:12:56,GBPUSD.s,1.3679700000000001,1.3682699999999999,0.0002999999999997449,0,1769461976922
2026-01-27 04:12:56,GBPUSD.s,1.3679700000000001,1.3682699999999999,0.0002999999999997449,0,1769461976922
2026-01-27 04:12:56,GBPUSD.s,1.3679700000000001,1.3682699999999999,0.0002999999999997449,0,1769461976922
2026-01-27 04:12:56,GBPUSD.s,1.3679700000000001,1.3682699999999999,0.0002999999999997449,0,1769461976922
2026-01-27 04:12:59,GBPUSD.s,1.3679000000000001,1.3682,0.00029999999999996696,0,1769461979324
2026-01-27 04:13:00,GBPUSD.s,1.3679000000000001,1.3682,0.00029999999999996696,0,1769461980080
2026-01-27 04:13:00,GBPUSD.s,1.36791,1.36821,0.00029999999999996696,0,1769461980250
2026-01-27 04:13:01,GBPUSD.s,1.36792,1.36822,0.00029999999999996696,0,1769461981168
2026-01-27 04:13:01,GBPUSD.s,1.36792,1.36822,0.00029999999999996696,0,1769461981749
2026-01-27 04:13:02,GBPUSD.s,1.36792,1.36822,0.00029999999999996696,0,1769461982268
2026-01-27 04:13:02,GBPUSD.s,1.36791,1.36821,0.00029999999999996696,0,1769461982376
2026-01-27 04:13:03,GBPUSD.s,1.36791,1.36821,0.00029999999999996696,0,1769461983271
2026-01-27 04:13:03,GBPUSD.s,1.36791,1.36821,0.00029999999999996696,0,1769461983845
2026-01-27 04:13:03,GBPUSD.s,1.36791,1.36821,0.00029999999999996696,0,1769461983845
2026-01-27 04:13:04,GBPUSD.s,1.36791,1.36821,0.00029999999999996696,0,1769461984857
2026-01-27 04:13:05,GBPUSD.s,1.36792,1.36822,0.00029999999999996696,0,1769461985795
2026-01-27 04:13:06,GBPUSD.s,1.36791,1.36821,0.00029999999999996696,0,1769461986348
2026-01-27 04:13:06,GBPUSD.s,1.36791,1.36821,0.00029999999999996696,0,1769461986966
2026-01-27 04:13:07,GBPUSD.s,1.36792,1.36822,0.00029999999999996696,0,1769461987225
2026-01-27 04:13:07,GBPUSD.s,1.36792,1.36822,0.00029999999999996696,0,1769461987225
2026-01-27 04:13:08,GBPUSD.s,1.36795,1.36825,0.00029999999999996696,0,1769461988636
2026-01-27 04:13:09,GBPUSD.s,1.36798,1.36828,0.00029999999999996696,0,1769461989187
2026-01-27 04:13:09,GBPUSD.s,1.36798,1.36828,0.00029999999999996696,0,1769461989709
2026-01-27 04:13:09,GBPUSD.s,1.36798,1.36828,0.00029999999999996696,0,1769461989709
2026-01-27 04:13:10,GBPUSD.s,1.36798,1.36828,0.00029999999999996696,0,1769461990921
2026-01-27 04:13:11,GBPUSD.s,1.36799,1.36829,0.00029999999999996696,0,1769461991250
2026-01-27 04:13:12,GBPUSD.s,1.36799,1.36829,0.00029999999999996696,0,1769461992018
2026-01-27 04:13:12,GBPUSD.s,1.36798,1.36828,0.00029999999999996696,0,1769461992657
2026-01-27 04:13:12,GBPUSD.s,1.36798,1.36828,0.00029999999999996696,0,1769461992813
2026-01-27 04:13:13,GBPUSD.s,1.36799,1.36829,0.00029999999999996696,0,1769461993440
2026-01-27 04:13:13,GBPUSD.s,1.36799,1.36829,0.00029999999999996696,0,1769461993440
2026-01-27 04:13:13,GBPUSD.s,1.36799,1.36829,0.00029999999999996696,0,1769461993440
2026-01-27 04:13:13,GBPUSD.s,1.36799,1.36829,0.00029999999999996696,0,1769461993440
2026-01-27 04:13:13,GBPUSD.s,1.36799,1.36829,0.00029999999999996696,0,1769461993440
2026-01-27 04:13:13,GBPUSD.s,1.36799,1.36829,0.00029999999999996696,0,1769461993440
2026-01-27 04:13:13,GBPUSD.s,1.36799,1.36829,0.00029999999999996696,0,1769461993440
2026-01-27 04:13:13,GBPUSD.s,1.36799,1.36829,0.00029999999999996696,0,1769461993440
2026-01-27 04:13:13,GBPUSD.s,1.36799,1.36829,0.00029999999999996696,0,1769461993440
2026-01-27 04:13:18,GBPUSD.s,1.36798,1.36828,0.00029999999999996696,0,1769461998979
2026-01-27 04:13:18,GBPUSD.s,1.36798,1.36828,0.00029999999999996696,0,1769461998979
2026-01-27 04:13:18,GBPUSD.s,1.36798,1.36828,0.00029999999999996696,0,1769461998979
2026-01-27 04:13:20,GBPUSD.s,1.3679999999999999,1.3683,0.000300000000000189,0,1769462000783
2026-01-27 04:13:21,GBPUSD.s,1.3679999999999999,1.3683,0.000300000000000189,0,1769462001054
2026-01-27 04:13:21,GBPUSD.s,1.3679999999999999,1.3683,0.000300000000000189,0,1769462001054
2026-01-27 04:13:22,GBPUSD.s,1.3679999999999999,1.3683,0.000300000000000189,0,1769462002503
2026-01-27 04:13:23,GBPUSD.s,1.3679700000000001,1.3682699999999999,0.0002999999999997449,0,1769462003296
2026-01-27 04:13:23,GBPUSD.s,1.3679700000000001,1.3682699999999999,0.0002999999999997449,0,1769462003296
2026-01-27 04:13:23,GBPUSD.s,1.3679700000000001,1.3682699999999999,0.0002999999999997449,0,1769462003296
2026-01-27 04:13:23,GBPUSD.s,1.3679700000000001,1.3682699999999999,0.0002999999999997449,0,1769462003296
2026-01-27 04:13:23,GBPUSD.s,1.3679700000000001,1.3682699999999999,0.0002999999999997449,0,1769462003296
2026-01-27 04:13:25,GBPUSD.s,1.3679700000000001,1.3682699999999999,0.0002999999999997449,0,1769462005981
2026-01-27 04:13:26,GBPUSD.s,1.3679700000000001,1.3682699999999999,0.0002999999999997449,0,1769462006456
2026-01-27 04:13:27,GBPUSD.s,1.3679700000000001,1.3682699999999999,0.0002999999999997449,0,1769462007065
2026-01-27 04:13:27,GBPUSD.s,1.3679700000000001,1.3682699999999999,0.0002999999999997449,0,1769462007065
2026-01-27 04:13:28,GBPUSD.s,1.36798,1.36828,0.00029999999999996696,0,1769462008564
2026-01-27 04:13:28,GBPUSD.s,1.36798,1.36828,0.00029999999999996696,0,1769462008564
2026-01-27 04:13:28,GBPUSD.s,1.36798,1.36828,0.00029999999999996696,0,1769462008564
2026-01-27 04:13:28,GBPUSD.s,1.36798,1.36828,0.00029999999999996696,0,1769462008564
2026-01-27 04:13:28,GBPUSD.s,1.36798,1.36828,0.00029999999999996696,0,1769462008564
2026-01-27 04:13:28,GBPUSD.s,1.36798,1.36828,0.00029999999999996696,0,1769462008564
2026-01-27 04:13:28,GBPUSD.s,1.36798,1.36828,0.00029999999999996696,0,1769462008564
2026-01-27 04:13:32,GBPUSD.s,1.36798,1.36828,0.00029999999999996696,0,1769462012361
2026-01-27 04:13:33,GBPUSD.s,1.3679999999999999,1.3683,0.000300000000000189,0,1769462013049
2026-01-27 04:13:33,GBPUSD.s,1.3679999999999999,1.3683,0.000300000000000189,0,1769462013049
2026-01-27 04:13:34,GBPUSD.s,1.3679999999999999,1.3683,0.000300000000000189,0,1769462014186
2026-01-27 04:13:34,GBPUSD.s,1.3679999999999999,1.3683,0.000300000000000189,0,1769462014376
2026-01-27 04:13:34,GBPUSD.s,1.3679999999999999,1.3683,0.000300000000000189,0,1769462014376
2026-01-27 04:13:34,GBPUSD.s,1.3679999999999999,1.3683,0.000300000000000189,0,1769462014376
2026-01-27 04:13:36,GBPUSD.s,1.3679999999999999,1.3683,0.000300000000000189,0,1769462016573
2026-01-27 04:13:37,GBPUSD.s,1.36798,1.36828,0.00029999999999996696,0,1769462017176
2026-01-27 04:13:37,GBPUSD.s,1.36798,1.36828,0.00029999999999996696,0,1769462017594
2026-01-27 04:13:38,GBPUSD.s,1.36798,1.36828,0.00029999999999996696,0,1769462018175
2026-01-27 04:13:38,GBPUSD.s,1.36798,1.36828,0.00029999999999996696,0,1769462018175
2026-01-27 04:13:39,GBPUSD.s,1.3679700000000001,1.3682699999999999,0.0002999999999997449,0,1769462019559
2026-01-27 04:13:40,GBPUSD.s,1.3679700000000001,1.3682699999999999,0.0002999999999997449,0,1769462020020
2026-01-27 04:13:40,GBPUSD.s,1.3679700000000001,1.3682699999999999,0.0002999999999997449,0,1769462020020
2026-01-27 04:13:40,GBPUSD.s,1.3679700000000001,1.3682699999999999,0.0002999999999997449,0,1769462020020
2026-01-27 04:13:41,GBPUSD.s,1.3679700000000001,1.3682699999999999,0.0002999999999997449,0,1769462021953
2026-01-27 04:13:42,GBPUSD.s,1.3679700000000001,1.3682699999999999,0.0002999999999997449,0,1769462022161
2026-01-27 04:13:43,GBPUSD.s,1.3679000000000001,1.3682,0.00029999999999996696,0,1769462023085
2026-01-27 04:13:43,GBPUSD.s,1.36794,1.3682400000000001,0.000300000000000189,0,1769462023702
2026-01-27 04:13:44,GBPUSD.s,1.36791,1.36821,0.00029999999999996696,0,1769462024180
2026-01-27 04:13:44,GBPUSD.s,1.36791,1.36821,0.00029999999999996696,0,1769462024455
2026-01-27 04:13:44,GBPUSD.s,1.36791,1.36821,0.00029999999999996696,0,1769462024455
2026-01-27 04:13:44,GBPUSD.s,1.36791,1.36821,0.00029999999999996696,0,1769462024455
2026-01-27 04:13:44,GBPUSD.s,1.36791,1.36821,0.00029999999999996696,0,1769462024455
2026-01-27 04:13:44,GBPUSD.s,1.36791,1.36821,0.00029999999999996696,0,1769462024455
2026-01-27 04:13:44,GBPUSD.s,1.36791,1.36821,0.00029999999999996696,0,1769462024455
2026-01-27 04:13:44,GBPUSD.s,1.36791,1.36821,0.00029999999999996696,0,1769462024455
2026-01-27 04:13:44,GBPUSD.s,1.36791,1.36821,0.00029999999999996696,0,1769462024455
2026-01-27 04:13:44,GBPUSD.s,1.36791,1.36821,0.00029999999999996696,0,1769462024455
2026-01-27 04:13:49,GBPUSD.s,1.36791,1.36821,0.00029999999999996696,0,1769462029678
2026-01-27 04:13:49,GBPUSD.s,1.36791,1.36821,0.00029999999999996696,0,1769462029678
2026-01-27 04:13:50,GBPUSD.s,1.36791,1.36821,0.00029999999999996696,0,1769462030777
2026-01-27 04:13:50,GBPUSD.s,1.36791,1.36821,0.00029999999999996696,0,1769462030777
2026-01-27 04:13:50,GBPUSD.s,1.36791,1.36821,0.00029999999999996696,0,1769462030777
2026-01-27 04:13:52,GBPUSD.s,1.36791,1.36821,0.00029999999999996696,0,1769462032644
2026-01-27 04:13:53,GBPUSD.s,1.36791,1.36821,0.00029999999999996696,0,1769462033187
2026-01-27 04:13:53,GBPUSD.s,1.36791,1.36821,0.00029999999999996696,0,1769462033187
2026-01-27 04:13:53,GBPUSD.s,1.36791,1.36821,0.00029999999999996696,0,1769462033187
2026-01-27 04:13:53,GBPUSD.s,1.36791,1.36821,0.00029999999999996696,0,1769462033187
2026-01-27 04:13:53,GBPUSD.s,1.36791,1.36821,0.00029999999999996696,0,1769462033187
2026-01-27 04:13:53,GBPUSD.s,1.36791,1.36821,0.00029999999999996696,0,1769462033187
2026-01-27 04:13:53,GBPUSD.s,1.36791,1.36821,0.00029999999999996696,0,1769462033187
2026-01-27 04:13:57,GBPUSD.s,1.3679000000000001,1.3682,0.00029999999999996696,0,1769462037174
2026-01-27 04:13:57,GBPUSD.s,1.3679000000000001,1.3682,0.00029999999999996696,0,1769462037174
2026-01-27 04:13:58,GBPUSD.s,1.36792,1.36822,0.00029999999999996696,0,1769462038755
2026-01-27 04:13:58,GBPUSD.s,1.36792,1.36822,0.00029999999999996696,0,1769462038889
2026-01-27 04:13:59,GBPUSD.s,1.36791,1.36821,0.00029999999999996696,0,1769462039671
2026-01-27 04:14:00,GBPUSD.s,1.3679299999999999,1.36823,0.000300000000000189,0,1769462040389
2026-01-27 04:14:00,GBPUSD.s,1.36792,1.36822,0.00029999999999996696,0,1769462040878
2026-01-27 04:14:01,GBPUSD.s,1.36792,1.36822,0.00029999999999996696,0,1769462041307
2026-01-27 04:14:01,GBPUSD.s,1.36792,1.36822,0.00029999999999996696,0,1769462041307
2026-01-27 04:14:01,GBPUSD.s,1.36792,1.36822,0.00029999999999996696,0,1769462041307
2026-01-27 04:14:01,GBPUSD.s,1.36792,1.36822,0.00029999999999996696,0,1769462041307
2026-01-27 04:14:03,GBPUSD.s,1.36791,1.36821,0.00029999999999996696,0,1769462043543
2026-01-27 04:14:03,GBPUSD.s,1.36791,1.36821,0.00029999999999996696,0,1769462043543
2026-01-27 04:14:03,GBPUSD.s,1.36791,1.36821,0.00029999999999996696,0,1769462043543
2026-01-27 04:14:03,GBPUSD.s,1.36791,1.36821,0.00029999999999996696,0,1769462043543
2026-01-27 04:14:03,GBPUSD.s,1.36791,1.36821,0.00029999999999996696,0,1769462043543
2026-01-27 04:14:03,GBPUSD.s,1.36791,1.36821,0.00029999999999996696,0,1769462043543
2026-01-27 04:14:03,GBPUSD.s,1.36791,1.36821,0.00029999999999996696,0,1769462043543
2026-01-27 04:14:07,GBPUSD.s,1.36791,1.36821,0.00029999999999996696,0,1769462047911
2026-01-27 04:14:08,GBPUSD.s,1.36791,1.36821,0.00029999999999996696,0,1769462048180
2026-01-27 04:14:09,GBPUSD.s,1.36791,1.36821,0.00029999999999996696,0,1769462049029
2026-01-27 04:14:09,GBPUSD.s,1.36791,1.36821,0.00029999999999996696,0,1769462049029
2026-01-27 04:14:09,GBPUSD.s,1.36792,1.36822,0.00029999999999996696,0,1769462049912
2026-01-27 04:14:10,GBPUSD.s,1.36792,1.36822,0.00029999999999996696,0,1769462050546
2026-01-27 04:14:10,GBPUSD.s,1.36792,1.36822,0.00029999999999996696,0,1769462050546
2026-01-27 04:14:10,GBPUSD.s,1.36792,1.36822,0.00029999999999996696,0,1769462050546
2026-01-27 04:14:12,GBPUSD.s,1.36798,1.36828,0.00029999999999996696,0,1769462052668
2026-01-27 04:14:13,GBPUSD.s,1.36802,1.36832,0.00029999999999996696,0,1769462053245
2026-01-27 04:14:13,GBPUSD.s,1.36802,1.36832,0.00029999999999996696,0,1769462053738
2026-01-27 04:14:13,GBPUSD.s,1.36802,1.36832,0.00029999999999996696,0,1769462053912
2026-01-27 04:14:14,GBPUSD.s,1.36802,1.36832,0.00029999999999996696,0,1769462054690
2026-01-27 04:14:14,GBPUSD.s,1.36802,1.36832,0.00029999999999996696,0,1769462054690
2026-01-27 04:14:14,GBPUSD.s,1.36802,1.36832,0.00029999999999996696,0,1769462054690
2026-01-27 04:14:16,GBPUSD.s,1.36799,1.36829,0.00029999999999996696,0,1769462056717
2026-01-27 04:14:17,GBPUSD.s,1.36799,1.36829,0.00029999999999996696,0,1769462057164
2026-01-27 04:14:17,GBPUSD.s,1.3679999999999999,1.3683,0.000300000000000189,0,1769462057920
2026-01-27 04:14:18,GBPUSD.s,1.3679999999999999,1.3683,0.000300000000000189,0,1769462058328
2026-01-27 04:14:18,GBPUSD.s,1.36799,1.36829,0.00029999999999996696,0,1769462058891
2026-01-27 04:14:19,GBPUSD.s,1.36801,1.3683100000000001,0.000300000000000189,0,1769462059614
2026-01-27 04:14:19,GBPUSD.s,1.36801,1.3683100000000001,0.000300000000000189,0,1769462059756
2026-01-27 04:14:20,GBPUSD.s,1.36801,1.3683100000000001,0.000300000000000189,0,1769462060523
2026-01-27 04:14:21,GBPUSD.s,1.36806,1.36836,0.00029999999999996696,0,1769462061249
2026-01-27 04:14:21,GBPUSD.s,1.3681,1.3684,0.00029999999999996696,0,1769462061850
2026-01-27 04:14:22,GBPUSD.s,1.36807,1.36837,0.000300000000000189,0,1769462062438
2026-01-27 04:14:22,GBPUSD.s,1.36807,1.36837,0.000300000000000189,0,1769462062587
2026-01-27 04:14:23,GBPUSD.s,1.36807,1.36837,0.000300000000000189,0,1769462063529
2026-01-27 04:14:24,GBPUSD.s,1.36804,1.36834,0.00029999999999996696,0,1769462064157
2026-01-27 04:14:24,GBPUSD.s,1.36804,1.36834,0.00029999999999996696,0,1769462064534
2026-01-27 04:14:25,GBPUSD.s,1.36804,1.36834,0.00029999999999996696,0,1769462065280
2026-01-27 04:14:25,GBPUSD.s,1.36804,1.36834,0.00029999999999996696,0,1769462065280
2026-01-27 04:14:26,GBPUSD.s,1.36808,1.36838,0.00029999999999996696,0,1769462066239
2026-01-27 04:14:26,GBPUSD.s,1.36808,1.36838,0.00029999999999996696,0,1769462066469
2026-01-27 04:14:27,GBPUSD.s,1.36808,1.36838,0.00029999999999996696,0,1769462067525
2026-01-27 04:14:28,GBPUSD.s,1.36808,1.36838,0.00029999999999996696,0,1769462068006
2026-01-27 04:14:28,GBPUSD.s,1.36808,1.36838,0.00029999999999996696,0,1769462068248
2026-01-27 04:14:28,GBPUSD.s,1.36808,1.36838,0.00029999999999996696,0,1769462068248
2026-01-27 04:14:29,GBPUSD.s,1.36808,1.36838,0.00029999999999996696,0,1769462069716
2026-01-27 04:14:29,GBPUSD.s,1.36808,1.36838,0.00029999999999996696,0,1769462069716
2026-01-27 04:14:30,GBPUSD.s,1.36809,1.36839,0.00029999999999996696,0,1769462070756
2026-01-27 04:14:30,GBPUSD.s,1.36809,1.36839,0.00029999999999996696,0,1769462070756
2026-01-27 04:14:32,GBPUSD.s,1.36809,1.36839,0.00029999999999996696,0,1769462072175
2026-01-27 04:14:32,GBPUSD.s,1.36809,1.36839,0.00029999999999996696,0,1769462072762
2026-01-27 04:14:33,GBPUSD.s,1.36808,1.36838,0.00029999999999996696,0,1769462073240
2026-01-27 04:14:33,GBPUSD.s,1.36808,1.36838,0.00029999999999996696,0,1769462073240
2026-01-27 04:14:34,GBPUSD.s,1.36807,1.36837,0.000300000000000189,0,1769462074574
2026-01-27 04:14:34,GBPUSD.s,1.36807,1.36837,0.000300000000000189,0,1769462074788
2026-01-27 04:14:35,GBPUSD.s,1.36807,1.36837,0.000300000000000189,0,1769462075530
2026-01-27 04:14:35,GBPUSD.s,1.36807,1.36837,0.000300000000000189,0,1769462075530
2026-01-27 04:14:35,GBPUSD.s,1.36807,1.36837,0.000300000000000189,0,1769462075530
2026-01-27 04:14:37,GBPUSD.s,1.36807,1.36837,0.000300000000000189,0,1769462077140
2026-01-27 04:14:37,GBPUSD.s,1.36808,1.36838,0.00029999999999996696,0,1769462077793
2026-01-27 04:14:38,GBPUSD.s,1.36803,1.36833,0.00029999999999996696,0,1769462078513
2026-01-27 04:14:39,GBPUSD.s,1.36803,1.36833,0.00029999999999996696,0,1769462079109
2026-01-27 04:14:39,GBPUSD.s,1.36803,1.36833,0.00029999999999996696,0,1769462079690
2026-01-27 04:14:40,GBPUSD.s,1.36803,1.36833,0.00029999999999996696,0,1769462080146
2026-01-27 04:14:40,GBPUSD.s,1.36806,1.36836,0.00029999999999996696,0,1769462080717
2026-01-27 04:14:41,GBPUSD.s,1.36807,1.36837,0.000300000000000189,0,1769462081361
2026-01-27 04:14:41,GBPUSD.s,1.36804,1.36834,0.00029999999999996696,0,1769462081630
2026-01-27 04:14:42,GBPUSD.s,1.36804,1.36834,0.00029999999999996696,0,1769462082114
2026-01-27 04:14:43,GBPUSD.s,1.36804,1.36834,0.00029999999999996696,0,1769462083015
2026-01-27 04:14:43,GBPUSD.s,1.36803,1.36833,0.00029999999999996696,0,1769462083713
2026-01-27 04:14:43,GBPUSD.s,1.36801,1.3683100000000001,0.000300000000000189,0,1769462083773
2026-01-27 04:14:44,GBPUSD.s,1.36801,1.3683100000000001,0.000300000000000189,0,1769462084383
2026-01-27 04:14:44,GBPUSD.s,1.36801,1.3683100000000001,0.000300000000000189,0,1769462084383
2026-01-27 04:14:44,GBPUSD.s,1.36801,1.3683100000000001,0.000300000000000189,0,1769462084383
2026-01-27 04:14:46,GBPUSD.s,1.3679999999999999,1.3683,0.000300000000000189,0,1769462086186
2026-01-27 04:14:46,GBPUSD.s,1.3679999999999999,1.3683,0.000300000000000189,0,1769462086186
2026-01-27 04:14:47,GBPUSD.s,1.3679999999999999,1.3683,0.000300000000000189,0,1769462087631
2026-01-27 04:14:48,GBPUSD.s,1.3679999999999999,1.3683,0.000300000000000189,0,1769462088161
2026-01-27 04:14:48,GBPUSD.s,1.3679999999999999,1.3683,0.000300000000000189,0,1769462088719
2026-01-27 04:14:49,GBPUSD.s,1.3679999999999999,1.3683,0.000300000000000189,0,1769462089201
2026-01-27 04:14:49,GBPUSD.s,1.36801,1.3683100000000001,0.000300000000000189,0,1769462089729
2026-01-27 04:14:49,GBPUSD.s,1.36801,1.3683100000000001,0.000300000000000189,0,1769462089729
2026-01-27 04:14:49,GBPUSD.s,1.36801,1.3683100000000001,0.000300000000000189,0,1769462089729
2026-01-27 04:14:49,GBPUSD.s,1.36801,1.3683100000000001,0.000300000000000189,0,1769462089729
2026-01-27 04:14:49,GBPUSD.s,1.36801,1.3683100000000001,0.000300000000000189,0,1769462089729
2026-01-27 04:14:52,GBPUSD.s,1.3679999999999999,1.3683,0.000300000000000189,0,1769462092747
2026-01-27 04:14:52,GBPUSD.s,1.36801,1.3683100000000001,0.000300000000000189,0,1769462092863
2026-01-27 04:14:54,GBPUSD.s,1.3679999999999999,1.3683,0.000300000000000189,0,1769462094227
2026-01-27 04:14:54,GBPUSD.s,1.3679999999999999,1.3683,0.000300000000000189,0,1769462094707
2026-01-27 04:14:55,GBPUSD.s,1.36804,1.36834,0.00029999999999996696,0,1769462095345
2026-01-27 04:14:55,GBPUSD.s,1.36804,1.36834,0.00029999999999996696,0,1769462095894
2026-01-27 04:14:55,GBPUSD.s,1.36804,1.36834,0.00029999999999996696,0,1769462095949
2026-01-27 04:14:55,GBPUSD.s,1.36804,1.36834,0.00029999999999996696,0,1769462095949
2026-01-27 04:14:55,GBPUSD.s,1.36804,1.36834,0.00029999999999996696,0,1769462095949
2026-01-27 04:14:55,GBPUSD.s,1.36804,1.36834,0.00029999999999996696,0,1769462095949
2026-01-27 04:14:58,GBPUSD.s,1.36804,1.36834,0.00029999999999996696,0,1769462098695
2026-01-27 04:14:58,GBPUSD.s,1.36804,1.36834,0.00029999999999996696,0,1769462098695
2026-01-27 04:14:59,GBPUSD.s,1.36804,1.36834,0.00029999999999996696,0,1769462099773
2026-01-27 04:15:00,GBPUSD.s,1.36799,1.36829,0.00029999999999996696,0,1769462100418
