timestamp,symbol,bid,ask,spread,volume,time_msc
2026-01-27 03:41:35,USDJPY.s,154.039,154.069,0.030000000000001137,0,1769460095955
2026-01-27 03:49:25,USDJPY.s,154.097,154.127,0.030000000000001137,0,1769460565603
2026-01-27 03:50:01,USDJPY.s,154.139,154.169,0.030000000000001137,0,1769460601208
2026-01-27 03:51:00,USDJPY.s,154.124,154.154,0.030000000000001137,0,1769460660318
2026-01-27 03:52:01,USDJPY.s,154.147,154.177,0.030000000000001137,0,1769460721114
2026-01-27 04:03:57,USDJPY.s,154.216,154.246,0.030000000000001137,0,1769461437390
2026-01-27 04:03:57,USDJPY.s,154.216,154.246,0.030000000000001137,0,1769461437820
2026-01-27 04:03:57,USDJPY.s,154.216,154.246,0.030000000000001137,0,1769461437820
2026-01-27 04:03:59,USDJPY.s,154.216,154.246,0.030000000000001137,0,1769461439031
2026-01-27 04:03:59,USDJPY.s,154.216,154.246,0.030000000000001137,0,1769461439332
2026-01-27 04:03:59,USDJPY.s,154.216,154.246,0.030000000000001137,0,1769461439900
2026-01-27 04:04:00,USDJPY.s,154.216,154.246,0.030000000000001137,0,1769461440731
2026-01-27 04:04:01,USDJPY.s,154.218,154.248,0.030000000000001137,0,1769461441451
2026-01-27 04:04:01,USDJPY.s,154.219,154.249,0.030000000000001137,0,1769461441595
2026-01-27 04:04:02,USDJPY.s,154.218,154.248,0.030000000000001137,0,1769461442373
2026-01-27 04:04:02,USDJPY.s,154.218,154.248,0.030000000000001137,0,1769461442961
2026-01-27 04:04:03,USDJPY.s,154.218,154.248,0.030000000000001137,0,1769461443635
2026-01-27 04:04:03,USDJPY.s,154.218,154.248,0.030000000000001137,0,1769461443635
2026-01-27 04:04:04,USDJPY.s,154.217,154.247,0.030000000000001137,0,1769461444856
2026-01-27 04:04:04,USDJPY.s,154.217,154.247,0.030000000000001137,0,1769461444968
2026-01-27 04:04:05,USDJPY.s,154.216,154.246,0.030000000000001137,0,1769461445794
2026-01-27 04:04:05,USDJPY.s,154.216,154.246,0.030000000000001137,0,1769461445794
2026-01-27 04:04:06,USDJPY.s,154.204,154.234,0.030000000000001137,0,1769461446736
2026-01-27 04:04:07,USDJPY.s,154.204,154.234,0.030000000000001137,0,1769461447641
2026-01-27 04:04:08,USDJPY.s,154.204,154.234,0.030000000000001137,0,1769461448223
2026-01-27 04:04:08,USDJPY.s,154.204,154.234,0.030000000000001137,0,1769461448223
2026-01-27 04:04:09,USDJPY.s,154.214,154.244,0.030000000000001137,0,1769461449006
2026-01-27 04:04:09,USDJPY.s,154.214,154.244,0.030000000000001137,0,1769461449922
2026-01-27 04:04:09,USDJPY.s,154.214,154.244,0.030000000000001137,0,1769461449922
2026-01-27 04:04:09,USDJPY.s,154.214,154.244,0.030000000000001137,0,1769461449922
2026-01-27 04:04:11,USDJPY.s,154.213,154.243,0.030000000000001137,0,1769461451446
2026-01-27 04:04:12,USDJPY.s,154.213,154.243,0.030000000000001137,0,1769461452091
2026-01-27 04:04:12,USDJPY.s,154.213,154.243,0.030000000000001137,0,1769461452091
2026-01-27 04:04:13,USDJPY.s,154.213,154.243,0.030000000000001137,0,1769461453243
2026-01-27 04:04:13,USDJPY.s,154.215,154.245,0.030000000000001137,0,1769461453768
2026-01-27 04:04:13,USDJPY.s,154.215,154.245,0.030000000000001137,0,1769461453768
2026-01-27 04:04:13,USDJPY.s,154.215,154.245,0.030000000000001137,0,1769461453768
2026-01-27 04:04:15,USDJPY.s,154.215,154.245,0.030000000000001137,0,1769461455538
2026-01-27 04:04:15,USDJPY.s,154.215,154.245,0.030000000000001137,0,1769461455994
2026-01-27 04:04:16,USDJPY.s,154.216,154.246,0.030000000000001137,0,1769461456435
2026-01-27 04:04:16,USDJPY.s,154.216,154.246,0.030000000000001137,0,1769461456435
2026-01-27 04:04:16,USDJPY.s,154.216,154.246,0.030000000000001137,0,1769461456435
2026-01-27 04:04:16,USDJPY.s,154.216,154.246,0.030000000000001137,0,1769461456435
2026-01-27 04:04:16,USDJPY.s,154.216,154.246,0.030000000000001137,0,1769461456435
2026-01-27 04:04:16,USDJPY.s,154.216,154.246,0.030000000000001137,0,1769461456435
2026-01-27 04:04:16,USDJPY.s,154.216,154.246,0.030000000000001137,0,1769461456435
2026-01-27 04:04:20,USDJPY.s,154.213,154.243,0.030000000000001137,0,1769461460576
2026-01-27 04:04:20,USDJPY.s,154.213,154.243,0.030000000000001137,0,1769461460576
2026-01-27 04:04:21,USDJPY.s,154.206,154.236,0.030000000000001137,0,1769461461206
2026-01-27 04:04:21,USDJPY.s,154.206,154.236,0.030000000000001137,0,1769461461206
2026-01-27 04:04:21,USDJPY.s,154.206,154.236,0.030000000000001137,0,1769461461206
2026-01-27 04:04:21,USDJPY.s,154.206,154.236,0.030000000000001137,0,1769461461206
2026-01-27 04:04:21,USDJPY.s,154.206,154.236,0.030000000000001137,0,1769461461206
2026-01-27 04:04:21,USDJPY.s,154.206,154.236,0.030000000000001137,0,1769461461206
2026-01-27 04:04:21,USDJPY.s,154.206,154.236,0.030000000000001137,0,1769461461206
2026-01-27 04:04:25,USDJPY.s,154.206,154.236,0.030000000000001137,0,1769461465584
2026-01-27 04:04:25,USDJPY.s,154.21,154.24,0.030000000000001137,0,1769461465844
2026-01-27 04:04:26,USDJPY.s,154.204,154.234,0.030000000000001137,0,1769461466648
2026-01-27 04:04:26,USDJPY.s,154.204,154.234,0.030000000000001137,0,1769461466648
2026-01-27 04:04:26,USDJPY.s,154.204,154.234,0.030000000000001137,0,1769461466648
2026-01-27 04:04:26,USDJPY.s,154.204,154.234,0.030000000000001137,0,1769461466648
2026-01-27 04:04:26,USDJPY.s,154.204,154.234,0.030000000000001137,0,1769461466648
2026-01-27 04:04:29,USDJPY.s,154.203,154.233,0.030000000000001137,0,1769461469488
2026-01-27 04:04:29,USDJPY.s,154.203,154.233,0.030000000000001137,0,1769461469959
2026-01-27 04:04:29,USDJPY.s,154.203,154.233,0.030000000000001137,0,1769461469959
2026-01-27 04:04:30,USDJPY.s,154.203,154.233,0.030000000000001137,0,1769461470868
2026-01-27 04:04:31,USDJPY.s,154.202,154.232,0.030000000000001137,0,1769461471345
2026-01-27 04:04:31,USDJPY.s,154.202,154.232,0.030000000000001137,0,1769461471345
2026-01-27 04:04:31,USDJPY.s,154.202,154.232,0.030000000000001137,0,1769461471345
2026-01-27 04:04:31,USDJPY.s,154.202,154.232,0.030000000000001137,0,1769461471345
2026-01-27 04:04:31,USDJPY.s,154.202,154.232,0.030000000000001137,0,1769461471345
2026-01-27 04:04:34,USDJPY.s,154.199,154.229,0.030000000000001137,0,1769461474310
2026-01-27 04:04:35,USDJPY.s,154.198,154.228,0.030000000000001137,0,1769461475085
2026-01-27 04:04:35,USDJPY.s,154.198,154.228,0.030000000000001137,0,1769461475085
2026-01-27 04:04:35,USDJPY.s,154.198,154.228,0.030000000000001137,0,1769461475085
2026-01-27 04:04:35,USDJPY.s,154.198,154.228,0.030000000000001137,0,1769461475085
2026-01-27 04:04:37,USDJPY.s,154.197,154.227,0.030000000000001137,0,1769461477176
2026-01-27 04:04:37,USDJPY.s,154.197,154.227,0.030000000000001137,0,1769461477176
2026-01-27 04:04:37,USDJPY.s,154.197,154.227,0.030000000000001137,0,1769461477176
2026-01-27 04:04:39,USDJPY.s,154.203,154.233,0.030000000000001137,0,1769461479187
2026-01-27 04:04:39,USDJPY.s,154.203,154.233,0.030000000000001137,0,1769461479187
2026-01-27 04:04:40,USDJPY.s,154.203,154.233,0.030000000000001137,0,1769461480246
2026-01-27 04:04:40,USDJPY.s,154.203,154.233,0.030000000000001137,0,1769461480246
2026-01-27 04:04:40,USDJPY.s,154.203,154.233,0.030000000000001137,0,1769461480246
2026-01-27 04:04:41,USDJPY.s,154.204,154.234,0.030000000000001137,0,1769461481870
2026-01-27 04:04:41,USDJPY.s,154.204,154.234,0.030000000000001137,0,1769461481870
2026-01-27 04:04:43,USDJPY.s,154.203,154.233,0.030000000000001137,0,1769461483247
2026-01-27 04:04:43,USDJPY.s,154.203,154.233,0.030000000000001137,0,1769461483247
2026-01-27 04:04:43,USDJPY.s,154.203,154.233,0.030000000000001137,0,1769461483247
2026-01-27 04:04:43,USDJPY.s,154.203,154.233,0.030000000000001137,0,1769461483247
2026-01-27 04:04:45,USDJPY.s,154.203,154.233,0.030000000000001137,0,1769461485562
2026-01-27 04:04:45,USDJPY.s,154.203,154.233,0.030000000000001137,0,1769461485562
2026-01-27 04:04:46,USDJPY.s,154.203,154.233,0.030000000000001137,0,1769461486534
2026-01-27 04:04:46,USDJPY.s,154.203,154.233,0.030000000000001137,0,1769461486534
2026-01-27 04:04:46,USDJPY.s,154.203,154.233,0.030000000000001137,0,1769461486534
2026-01-27 04:04:48,USDJPY.s,154.203,154.233,0.030000000000001137,0,1769461488224
2026-01-27 04:04:48,USDJPY.s,154.203,154.233,0.030000000000001137,0,1769461488224
2026-01-27 04:04:48,USDJPY.s,154.203,154.233,0.030000000000001137,0,1769461488224
2026-01-27 04:04:49,USDJPY.s,154.202,154.232,0.030000000000001137,0,1769461489777
2026-01-27 04:04:49,USDJPY.s,154.202,154.232,0.030000000000001137,0,1769461489777
2026-01-27 04:04:50,USDJPY.s,154.203,154.233,0.030000000000001137,0,1769461490940
2026-01-27 04:04:51,USDJPY.s,154.205,154.235,0.030000000000001137,0,1769461491790
2026-01-27 04:04:52,USDJPY.s,154.208,154.238,0.030000000000001137,0,1769461492306
2026-01-27 04:04:52,USDJPY.s,154.208,154.238,0.030000000000001137,0,1769461492306
2026-01-27 04:04:53,USDJPY.s,154.207,154.237,0.030000000000001137,0,1769461493472
2026-01-27 04:04:53,USDJPY.s,154.207,154.237,0.030000000000001137,0,1769461493472
2026-01-27 04:04:54,USDJPY.s,154.206,154.236,0.030000000000001137,0,1769461494242
2026-01-27 04:04:54,USDJPY.s,154.206,154.236,0.030000000000001137,0,1769461494242
2026-01-27 04:04:55,USDJPY.s,154.206,154.236,0.030000000000001137,0,1769461495874
2026-01-27 04:04:56,USDJPY.s,154.203,154.233,0.030000000000001137,0,1769461496398
2026-01-27 04:04:56,USDJPY.s,154.203,154.233,0.030000000000001137,0,1769461496398
2026-01-27 04:04:56,USDJPY.s,154.203,154.233,0.030000000000001137,0,1769461496398
2026-01-27 04:04:56,USDJPY.s,154.203,154.233,0.030000000000001137,0,1769461496398
2026-01-27 04:04:56,USDJPY.s,154.203,154.233,0.030000000000001137,0,1769461496398
2026-01-27 04:04:56,USDJPY.s,154.203,154.233,0.030000000000001137,0,1769461496398
2026-01-27 04:05:00,USDJPY.s,154.203,154.233,0.030000000000001137,0,1769461500061
2026-01-27 04:05:00,USDJPY.s,154.203,154.233,0.030000000000001137,0,1769461500061
2026-01-27 04:05:00,USDJPY.s,154.203,154.233,0.030000000000001137,0,1769461500061
2026-01-27 04:05:00,USDJPY.s,154.203,154.233,0.030000000000001137,0,1769461500061
2026-01-27 04:05:01,USDJPY.s,154.202,154.232,0.030000000000001137,0,1769461501912
2026-01-27 04:05:01,USDJPY.s,154.202,154.232,0.030000000000001137,0,1769461501912
2026-01-27 04:05:01,USDJPY.s,154.202,154.232,0.030000000000001137,0,1769461501912
2026-01-27 04:05:03,USDJPY.s,154.205,154.235,0.030000000000001137,0,1769461503921
2026-01-27 04:05:04,USDJPY.s,154.202,154.232,0.030000000000001137,0,1769461504575
2026-01-27 04:05:04,USDJPY.s,154.202,154.232,0.030000000000001137,0,1769461504575
2026-01-27 04:05:05,USDJPY.s,154.202,154.232,0.030000000000001137,0,1769461505265
2026-01-27 04:05:05,USDJPY.s,154.202,154.232,0.030000000000001137,0,1769461505265
2026-01-27 04:05:06,USDJPY.s,154.204,154.234,0.030000000000001137,0,1769461506793
2026-01-27 04:05:06,USDJPY.s,154.204,154.234,0.030000000000001137,0,1769461506793
2026-01-27 04:05:06,USDJPY.s,154.204,154.234,0.030000000000001137,0,1769461506793
2026-01-27 04:05:08,USDJPY.s,154.203,154.233,0.030000000000001137,0,1769461508398
2026-01-27 04:05:09,USDJPY.s,154.205,154.235,0.030000000000001137,0,1769461509040
2026-01-27 04:05:09,USDJPY.s,154.204,154.234,0.030000000000001137,0,1769461509596
2026-01-27 04:05:10,USDJPY.s,154.205,154.235,0.030000000000001137,0,1769461510229
2026-01-27 04:05:10,USDJPY.s,154.205,154.235,0.030000000000001137,0,1769461510320
2026-01-27 04:05:10,USDJPY.s,154.205,154.235,0.030000000000001137,0,1769461510874
2026-01-27 04:05:11,USDJPY.s,154.21,154.24,0.030000000000001137,0,1769461511787
2026-01-27 04:05:11,USDJPY.s,154.21,154.24,0.030000000000001137,0,1769461511787
2026-01-27 04:05:11,USDJPY.s,154.21,154.24,0.030000000000001137,0,1769461511787
2026-01-27 04:05:13,USDJPY.s,154.205,154.235,0.030000000000001137,0,1769461513589
2026-01-27 04:05:13,USDJPY.s,154.205,154.235,0.030000000000001137,0,1769461513757
2026-01-27 04:05:13,USDJPY.s,154.205,154.235,0.030000000000001137,0,1769461513757
2026-01-27 04:05:15,USDJPY.s,154.205,154.235,0.030000000000001137,0,1769461515065
2026-01-27 04:05:15,USDJPY.s,154.204,154.234,0.030000000000001137,0,1769461515644
2026-01-27 04:05:16,USDJPY.s,154.203,154.233,0.030000000000001137,0,1769461516364
2026-01-27 04:05:16,USDJPY.s,154.203,154.233,0.030000000000001137,0,1769461516963
2026-01-27 04:05:17,USDJPY.s,154.203,154.233,0.030000000000001137,0,1769461517038
2026-01-27 04:05:18,USDJPY.s,154.203,154.233,0.030000000000001137,0,1769461518119
2026-01-27 04:05:18,USDJPY.s,154.203,154.233,0.030000000000001137,0,1769461518374
2026-01-27 04:05:19,USDJPY.s,154.204,154.234,0.030000000000001137,0,1769461519226
2026-01-27 04:05:19,USDJPY.s,154.204,154.234,0.030000000000001137,0,1769461519226
2026-01-27 04:05:19,USDJPY.s,154.204,154.234,0.030000000000001137,0,1769461519226
2026-01-27 04:05:20,USDJPY.s,154.204,154.234,0.030000000000001137,0,1769461520896
2026-01-27 04:05:21,USDJPY.s,154.204,154.234,0.030000000000001137,0,1769461521311
2026-01-27 04:05:21,USDJPY.s,154.204,154.234,0.030000000000001137,0,1769461521311
2026-01-27 04:05:21,USDJPY.s,154.204,154.234,0.030000000000001137,0,1769461521311
2026-01-27 04:05:21,USDJPY.s,154.204,154.234,0.030000000000001137,0,1769461521311
2026-01-27 04:05:21,USDJPY.s,154.204,154.234,0.030000000000001137,0,1769461521311
2026-01-27 04:05:23,USDJPY.s,154.204,154.234,0.030000000000001137,0,1769461523779
2026-01-27 04:05:23,USDJPY.s,154.204,154.234,0.030000000000001137,0,1769461523779
2026-01-27 04:05:25,USDJPY.s,154.204,154.234,0.030000000000001137,0,1769461525138
2026-01-27 04:05:25,USDJPY.s,154.204,154.234,0.030000000000001137,0,1769461525138
2026-01-27 04:05:25,USDJPY.s,154.204,154.234,0.030000000000001137,0,1769461525138
2026-01-27 04:05:25,USDJPY.s,154.204,154.234,0.030000000000001137,0,1769461525138
2026-01-27 04:05:25,USDJPY.s,154.204,154.234,0.030000000000001137,0,1769461525138
2026-01-27 04:05:28,USDJPY.s,154.204,154.234,0.030000000000001137,0,1769461528100
2026-01-27 04:05:28,USDJPY.s,154.203,154.233,0.030000000000001137,0,1769461528298
2026-01-27 04:05:28,USDJPY.s,154.203,154.233,0.030000000000001137,0,1769461528298
2026-01-27 04:05:28,USDJPY.s,154.203,154.233,0.030000000000001137,0,1769461528298
2026-01-27 04:05:28,USDJPY.s,154.203,154.233,0.030000000000001137,0,1769461528298
2026-01-27 04:05:28,USDJPY.s,154.203,154.233,0.030000000000001137,0,1769461528298
2026-01-27 04:05:28,USDJPY.s,154.203,154.233,0.030000000000001137,0,1769461528298
2026-01-27 04:05:32,USDJPY.s,154.204,154.234,0.030000000000001137,0,1769461532195
2026-01-27 04:05:32,USDJPY.s,154.204,154.234,0.030000000000001137,0,1769461532195
2026-01-27 04:05:32,USDJPY.s,154.204,154.234,0.030000000000001137,0,1769461532195
2026-01-27 04:05:33,USDJPY.s,154.204,154.234,0.030000000000001137,0,1769461533500
2026-01-27 04:05:34,USDJPY.s,154.203,154.233,0.030000000000001137,0,1769461534463
2026-01-27 04:05:34,USDJPY.s,154.203,154.233,0.030000000000001137,0,1769461534463
2026-01-27 04:05:34,USDJPY.s,154.203,154.233,0.030000000000001137,0,1769461534463
2026-01-27 04:05:34,USDJPY.s,154.203,154.233,0.030000000000001137,0,1769461534463
2026-01-27 04:05:34,USDJPY.s,154.203,154.233,0.030000000000001137,0,1769461534463
2026-01-27 04:05:37,USDJPY.s,154.203,154.233,0.030000000000001137,0,1769461537180
2026-01-27 04:05:37,USDJPY.s,154.202,154.232,0.030000000000001137,0,1769461537907
2026-01-27 04:05:38,USDJPY.s,154.202,154.232,0.030000000000001137,0,1769461538415
2026-01-27 04:05:38,USDJPY.s,154.202,154.232,0.030000000000001137,0,1769461538946
2026-01-27 04:05:39,USDJPY.s,154.197,154.227,0.030000000000001137,0,1769461539653
2026-01-27 04:05:40,USDJPY.s,154.196,154.226,0.030000000000001137,0,1769461540199
2026-01-27 04:05:40,USDJPY.s,154.193,154.223,0.030000000000001137,0,1769461540808
2026-01-27 04:05:41,USDJPY.s,154.193,154.223,0.030000000000001137,0,1769461541006
2026-01-27 04:05:41,USDJPY.s,154.193,154.223,0.030000000000001137,0,1769461541922
2026-01-27 04:05:42,USDJPY.s,154.193,154.223,0.030000000000001137,0,1769461542219
2026-01-27 04:05:42,USDJPY.s,154.193,154.223,0.030000000000001137,0,1769461542523
2026-01-27 04:05:42,USDJPY.s,154.193,154.223,0.030000000000001137,0,1769461542523
2026-01-27 04:05:44,USDJPY.s,154.194,154.224,0.030000000000001137,0,1769461544161
2026-01-27 04:05:44,USDJPY.s,154.194,154.224,0.030000000000001137,0,1769461544161
2026-01-27 04:05:44,USDJPY.s,154.193,154.223,0.030000000000001137,0,1769461544900
2026-01-27 04:05:44,USDJPY.s,154.193,154.223,0.030000000000001137,0,1769461544900
2026-01-27 04:05:46,USDJPY.s,154.197,154.227,0.030000000000001137,0,1769461546410
2026-01-27 04:05:46,USDJPY.s,154.197,154.227,0.030000000000001137,0,1769461546517
2026-01-27 04:05:46,USDJPY.s,154.197,154.227,0.030000000000001137,0,1769461546517
2026-01-27 04:05:46,USDJPY.s,154.197,154.227,0.030000000000001137,0,1769461546517
2026-01-27 04:05:48,USDJPY.s,154.197,154.227,0.030000000000001137,0,1769461548591
2026-01-27 04:05:49,USDJPY.s,154.197,154.227,0.030000000000001137,0,1769461549191
2026-01-27 04:05:49,USDJPY.s,154.197,154.227,0.030000000000001137,0,1769461549191
2026-01-27 04:05:50,USDJPY.s,154.197,154.227,0.030000000000001137,0,1769461550351
2026-01-27 04:05:50,USDJPY.s,154.197,154.227,0.030000000000001137,0,1769461550351
2026-01-27 04:05:51,USDJPY.s,154.197,154.227,0.030000000000001137,0,1769461551392
2026-01-27 04:05:52,USDJPY.s,154.197,154.227,0.030000000000001137,0,1769461552046
2026-01-27 04:05:52,USDJPY.s,154.197,154.227,0.030000000000001137,0,1769461552046
2026-01-27 04:05:53,USDJPY.s,154.196,154.226,0.030000000000001137,0,1769461553074
2026-01-27 04:05:53,USDJPY.s,154.196,154.226,0.030000000000001137,0,1769461553074
2026-01-27 04:05:53,USDJPY.s,154.196,154.226,0.030000000000001137,0,1769461553074
2026-01-27 04:05:54,USDJPY.s,154.196,154.226,0.030000000000001137,0,1769461554520
2026-01-27 04:05:55,USDJPY.s,154.194,154.224,0.030000000000001137,0,1769461555391
2026-01-27 04:05:55,USDJPY.s,154.192,154.222,0.030000000000001137,0,1769461555929
2026-01-27 04:05:56,USDJPY.s,154.193,154.223,0.030000000000001137,0,1769461556510
2026-01-27 04:05:56,USDJPY.s,154.193,154.223,0.030000000000001137,0,1769461556510
2026-01-27 04:05:56,USDJPY.s,154.193,154.223,0.030000000000001137,0,1769461556510
2026-01-27 04:05:58,USDJPY.s,154.193,154.223,0.030000000000001137,0,1769461558696
2026-01-27 04:05:59,USDJPY.s,154.193,154.223,0.030000000000001137,0,1769461559372
2026-01-27 04:05:59,USDJPY.s,154.193,154.223,0.030000000000001137,0,1769461559684
2026-01-27 04:05:59,USDJPY.s,154.193,154.223,0.030000000000001137,0,1769461559684
2026-01-27 04:05:59,USDJPY.s,154.193,154.223,0.030000000000001137,0,1769461559684
2026-01-27 04:05:59,USDJPY.s,154.193,154.223,0.030000000000001137,0,1769461559684
2026-01-27 04:06:02,USDJPY.s,154.193,154.223,0.030000000000001137,0,1769461562280
2026-01-27 04:06:02,USDJPY.s,154.193,154.223,0.030000000000001137,0,1769461562280
2026-01-27 04:06:03,USDJPY.s,154.193,154.223,0.030000000000001137,0,1769461563817
2026-01-27 04:06:04,USDJPY.s,154.191,154.221,0.030000000000001137,0,1769461564461
2026-01-27 04:06:05,USDJPY.s,154.19,154.22,0.030000000000001137,0,1769461565148
2026-01-27 04:06:05,USDJPY.s,154.19,154.22,0.030000000000001137,0,1769461565148
2026-01-27 04:06:06,USDJPY.s,154.19,154.22,0.030000000000001137,0,1769461566141
2026-01-27 04:06:06,USDJPY.s,154.189,154.219,0.030000000000001137,0,1769461566831
2026-01-27 04:06:07,USDJPY.s,154.189,154.219,0.030000000000001137,0,1769461567865
2026-01-27 04:06:07,USDJPY.s,154.189,154.219,0.030000000000001137,0,1769461567865
2026-01-27 04:06:07,USDJPY.s,154.189,154.219,0.030000000000001137,0,1769461567865
2026-01-27 04:06:09,USDJPY.s,154.188,154.218,0.030000000000001137,0,1769461569655
2026-01-27 04:06:10,USDJPY.s,154.188,154.218,0.030000000000001137,0,1769461570261
2026-01-27 04:06:10,USDJPY.s,154.188,154.218,0.030000000000001137,0,1769461570261
2026-01-27 04:06:10,USDJPY.s,154.188,154.218,0.030000000000001137,0,1769461570261
2026-01-27 04:06:11,USDJPY.s,154.191,154.221,0.030000000000001137,0,1769461571993
2026-01-27 04:06:12,USDJPY.s,154.192,154.222,0.030000000000001137,0,1769461572160
2026-01-27 04:06:13,USDJPY.s,154.192,154.222,0.030000000000001137,0,1769461573115
2026-01-27 04:06:13,USDJPY.s,154.192,154.222,0.030000000000001137,0,1769461573508
2026-01-27 04:06:14,USDJPY.s,154.192,154.222,0.030000000000001137,0,1769461574050
2026-01-27 04:06:14,USDJPY.s,154.191,154.221,0.030000000000001137,0,1769461574507
2026-01-27 04:06:15,USDJPY.s,154.191,154.221,0.030000000000001137,0,1769461575104
2026-01-27 04:06:15,USDJPY.s,154.191,154.221,0.030000000000001137,0,1769461575104
2026-01-27 04:06:16,USDJPY.s,154.191,154.221,0.030000000000001137,0,1769461576472
2026-01-27 04:06:17,USDJPY.s,154.193,154.223,0.030000000000001137,0,1769461577032
2026-01-27 04:06:17,USDJPY.s,154.193,154.223,0.030000000000001137,0,1769461577218
2026-01-27 04:06:17,USDJPY.s,154.193,154.223,0.030000000000001137,0,1769461577972
2026-01-27 04:06:17,USDJPY.s,154.193,154.223,0.030000000000001137,0,1769461577972
2026-01-27 04:06:17,USDJPY.s,154.193,154.223,0.030000000000001137,0,1769461577972
2026-01-27 04:06:17,USDJPY.s,154.193,154.223,0.030000000000001137,0,1769461577972
2026-01-27 04:06:20,USDJPY.s,154.194,154.224,0.030000000000001137,0,1769461580345
2026-01-27 04:06:20,USDJPY.s,154.194,154.224,0.030000000000001137,0,1769461580345
2026-01-27 04:06:21,USDJPY.s,154.194,154.224,0.030000000000001137,0,1769461581435
2026-01-27 04:06:21,USDJPY.s,154.194,154.224,0.030000000000001137,0,1769461581693
2026-01-27 04:06:21,USDJPY.s,154.194,154.224,0.030000000000001137,0,1769461581693
2026-01-27 04:06:21,USDJPY.s,154.194,154.224,0.030000000000001137,0,1769461581693
2026-01-27 04:06:21,USDJPY.s,154.194,154.224,0.030000000000001137,0,1769461581693
2026-01-27 04:06:23,USDJPY.s,154.194,154.224,0.030000000000001137,0,1769461583873
2026-01-27 04:06:24,USDJPY.s,154.2,154.23,0.030000000000001137,0,1769461584955
2026-01-27 04:06:25,USDJPY.s,154.202,154.232,0.030000000000001137,0,1769461585362
2026-01-27 04:06:25,USDJPY.s,154.202,154.232,0.030000000000001137,0,1769461585362
2026-01-27 04:06:25,USDJPY.s,154.202,154.232,0.030000000000001137,0,1769461585362
2026-01-27 04:06:25,USDJPY.s,154.202,154.232,0.030000000000001137,0,1769461585362
2026-01-27 04:06:25,USDJPY.s,154.202,154.232,0.030000000000001137,0,1769461585362
2026-01-27 04:06:25,USDJPY.s,154.202,154.232,0.030000000000001137,0,1769461585362
2026-01-27 04:06:25,USDJPY.s,154.202,154.232,0.030000000000001137,0,1769461585362
2026-01-27 04:06:25,USDJPY.s,154.202,154.232,0.030000000000001137,0,1769461585362
2026-01-27 04:06:25,USDJPY.s,154.202,154.232,0.030000000000001137,0,1769461585362
2026-01-27 04:06:30,USDJPY.s,154.201,154.231,0.030000000000001137,0,1769461590485
2026-01-27 04:06:30,USDJPY.s,154.201,154.231,0.030000000000001137,0,1769461590941
2026-01-27 04:06:31,USDJPY.s,154.201,154.231,0.030000000000001137,0,1769461591188
2026-01-27 04:06:31,USDJPY.s,154.201,154.231,0.030000000000001137,0,1769461591188
2026-01-27 04:06:31,USDJPY.s,154.201,154.231,0.030000000000001137,0,1769461591188
2026-01-27 04:06:31,USDJPY.s,154.201,154.231,0.030000000000001137,0,1769461591188
2026-01-27 04:06:33,USDJPY.s,154.201,154.231,0.030000000000001137,0,1769461593627
2026-01-27 04:06:34,USDJPY.s,154.198,154.228,0.030000000000001137,0,1769461594372
2026-01-27 04:06:34,USDJPY.s,154.202,154.232,0.030000000000001137,0,1769461594660
2026-01-27 04:06:35,USDJPY.s,154.202,154.232,0.030000000000001137,0,1769461595306
2026-01-27 04:06:36,USDJPY.s,154.202,154.232,0.030000000000001137,0,1769461596213
2026-01-27 04:06:36,USDJPY.s,154.202,154.232,0.030000000000001137,0,1769461596213
2026-01-27 04:06:37,USDJPY.s,154.202,154.232,0.030000000000001137,0,1769461597170
2026-01-27 04:06:37,USDJPY.s,154.202,154.232,0.030000000000001137,0,1769461597837
2026-01-27 04:06:38,USDJPY.s,154.202,154.232,0.030000000000001137,0,1769461598471
2026-01-27 04:06:38,USDJPY.s,154.202,154.232,0.030000000000001137,0,1769461598576
2026-01-27 04:06:38,USDJPY.s,154.202,154.232,0.030000000000001137,0,1769461598576
2026-01-27 04:06:39,USDJPY.s,154.202,154.232,0.030000000000001137,0,1769461599978
2026-01-27 04:06:40,USDJPY.s,154.202,154.232,0.030000000000001137,0,1769461600408
2026-01-27 04:06:40,USDJPY.s,154.202,154.232,0.030000000000001137,0,1769461600408
2026-01-27 04:06:41,USDJPY.s,154.201,154.231,0.030000000000001137,0,1769461601545
2026-01-27 04:06:42,USDJPY.s,154.201,154.231,0.030000000000001137,0,1769461602277
2026-01-27 04:06:42,USDJPY.s,154.201,154.231,0.030000000000001137,0,1769461602790
2026-01-27 04:06:42,USDJPY.s,154.201,154.231,0.030000000000001137,0,1769461602790
2026-01-27 04:06:43,USDJPY.s,154.201,154.231,0.030000000000001137,0,1769461603844
2026-01-27 04:06:43,USDJPY.s,154.201,154.231,0.030000000000001137,0,1769461603844
2026-01-27 04:06:43,USDJPY.s,154.201,154.231,0.030000000000001137,0,1769461603844
2026-01-27 04:06:43,USDJPY.s,154.201,154.231,0.030000000000001137,0,1769461603844
2026-01-27 04:06:43,USDJPY.s,154.201,154.231,0.030000000000001137,0,1769461603844
2026-01-27 04:06:46,USDJPY.s,154.201,154.231,0.030000000000001137,0,1769461606688
2026-01-27 04:06:46,USDJPY.s,154.201,154.231,0.030000000000001137,0,1769461606688
2026-01-27 04:06:47,USDJPY.s,154.201,154.231,0.030000000000001137,0,1769461607987
2026-01-27 04:06:48,USDJPY.s,154.201,154.231,0.030000000000001137,0,1769461608591
2026-01-27 04:06:49,USDJPY.s,154.201,154.231,0.030000000000001137,0,1769461609148
2026-01-27 04:06:49,USDJPY.s,154.201,154.231,0.030000000000001137,0,1769461609571
2026-01-27 04:06:49,USDJPY.s,154.201,154.231,0.030000000000001137,0,1769461609571
2026-01-27 04:06:50,USDJPY.s,154.201,154.231,0.030000000000001137,0,1769461610743
2026-01-27 04:06:50,USDJPY.s,154.201,154.231,0.030000000000001137,0,1769461610743
2026-01-27 04:06:50,USDJPY.s,154.201,154.231,0.030000000000001137,0,1769461610743
2026-01-27 04:06:52,USDJPY.s,154.213,154.243,0.030000000000001137,0,1769461612549
2026-01-27 04:06:53,USDJPY.s,154.215,154.245,0.030000000000001137,0,1769461613070
2026-01-27 04:06:53,USDJPY.s,154.217,154.247,0.030000000000001137,0,1769461613591
2026-01-27 04:06:54,USDJPY.s,154.217,154.247,0.030000000000001137,0,1769461614110
2026-01-27 04:06:54,USDJPY.s,154.216,154.246,0.030000000000001137,0,1769461614793
2026-01-27 04:06:55,USDJPY.s,154.215,154.245,0.030000000000001137,0,1769461615266
2026-01-27 04:06:55,USDJPY.s,154.215,154.245,0.030000000000001137,0,1769461615804
2026-01-27 04:06:56,USDJPY.s,154.214,154.244,0.030000000000001137,0,1769461616465
2026-01-27 04:06:56,USDJPY.s,154.214,154.244,0.030000000000001137,0,1769461616935
2026-01-27 04:06:57,USDJPY.s,154.215,154.245,0.030000000000001137,0,1769461617298
2026-01-27 04:06:57,USDJPY.s,154.215,154.245,0.030000000000001137,0,1769461617716
2026-01-27 04:06:57,USDJPY.s,154.215,154.245,0.030000000000001137,0,1769461617716
2026-01-27 04:06:59,USDJPY.s,154.214,154.244,0.030000000000001137,0,1769461619748
2026-01-27 04:06:59,USDJPY.s,154.214,154.244,0.030000000000001137,0,1769461619936
2026-01-27 04:07:00,USDJPY.s,154.214,154.244,0.030000000000001137,0,1769461620554
2026-01-27 04:07:01,USDJPY.s,154.215,154.245,0.030000000000001137,0,1769461621414
2026-01-27 04:07:01,USDJPY.s,154.216,154.246,0.030000000000001137,0,1769461621906
2026-01-27 04:07:02,USDJPY.s,154.216,154.246,0.030000000000001137,0,1769461622567
2026-01-27 04:07:03,USDJPY.s,154.214,154.244,0.030000000000001137,0,1769461623086
2026-01-27 04:07:03,USDJPY.s,154.206,154.236,0.030000000000001137,0,1769461623496
2026-01-27 04:07:03,USDJPY.s,154.206,154.236,0.030000000000001137,0,1769461623938
2026-01-27 04:07:03,USDJPY.s,154.206,154.236,0.030000000000001137,0,1769461623938
2026-01-27 04:07:03,USDJPY.s,154.206,154.236,0.030000000000001137,0,1769461623938
2026-01-27 04:07:05,USDJPY.s,154.205,154.235,0.030000000000001137,0,1769461625836
2026-01-27 04:07:05,USDJPY.s,154.205,154.235,0.030000000000001137,0,1769461625836
2026-01-27 04:07:05,USDJPY.s,154.205,154.235,0.030000000000001137,0,1769461625836
2026-01-27 04:07:07,USDJPY.s,154.205,154.235,0.030000000000001137,0,1769461627195
2026-01-27 04:07:07,USDJPY.s,154.205,154.235,0.030000000000001137,0,1769461627694
2026-01-27 04:07:10,USDJPY.s,154.205,154.235,0.030000000000001137,0,1769461630157
2026-01-27 04:07:10,USDJPY.s,154.207,154.237,0.030000000000001137,0,1769461630501
2026-01-27 04:07:10,USDJPY.s,154.207,154.237,0.030000000000001137,0,1769461630501
2026-01-27 04:07:11,USDJPY.s,154.215,154.245,0.030000000000001137,0,1769461631733
2026-01-27 04:07:11,USDJPY.s,154.215,154.245,0.030000000000001137,0,1769461631733
2026-01-27 04:07:13,USDJPY.s,154.213,154.243,0.030000000000001137,0,1769461633043
2026-01-27 04:07:13,USDJPY.s,154.215,154.245,0.030000000000001137,0,1769461633624
2026-01-27 04:07:13,USDJPY.s,154.215,154.245,0.030000000000001137,0,1769461633624
2026-01-27 04:07:13,USDJPY.s,154.215,154.245,0.030000000000001137,0,1769461633624
2026-01-27 04:07:13,USDJPY.s,154.215,154.245,0.030000000000001137,0,1769461633624
2026-01-27 04:07:13,USDJPY.s,154.215,154.245,0.030000000000001137,0,1769461633624
2026-01-27 04:07:13,USDJPY.s,154.215,154.245,0.030000000000001137,0,1769461633624
2026-01-27 04:07:13,USDJPY.s,154.215,154.245,0.030000000000001137,0,1769461633624
2026-01-27 04:07:13,USDJPY.s,154.215,154.245,0.030000000000001137,0,1769461633624
2026-01-27 04:07:13,USDJPY.s,154.215,154.245,0.030000000000001137,0,1769461633624
2026-01-27 04:07:13,USDJPY.s,154.215,154.245,0.030000000000001137,0,1769461633624
2026-01-27 04:07:13,USDJPY.s,154.215,154.245,0.030000000000001137,0,1769461633624
2026-01-27 04:07:19,USDJPY.s,154.213,154.243,0.030000000000001137,0,1769461639930
2026-01-27 04:07:20,USDJPY.s,154.206,154.236,0.030000000000001137,0,1769461640459
2026-01-27 04:07:20,USDJPY.s,154.206,154.236,0.030000000000001137,0,1769461640459
2026-01-27 04:07:21,USDJPY.s,154.203,154.233,0.030000000000001137,0,1769461641742
2026-01-27 04:07:21,USDJPY.s,154.203,154.233,0.030000000000001137,0,1769461641907
2026-01-27 04:07:22,USDJPY.s,154.202,154.232,0.030000000000001137,0,1769461642896
2026-01-27 04:07:22,USDJPY.s,154.202,154.232,0.030000000000001137,0,1769461642964
2026-01-27 04:07:22,USDJPY.s,154.202,154.232,0.030000000000001137,0,1769461642964
2026-01-27 04:07:24,USDJPY.s,154.203,154.233,0.030000000000001137,0,1769461644153
2026-01-27 04:07:24,USDJPY.s,154.203,154.233,0.030000000000001137,0,1769461644153
2026-01-27 04:07:25,USDJPY.s,154.203,154.233,0.030000000000001137,0,1769461645574
2026-01-27 04:07:26,USDJPY.s,154.205,154.235,0.030000000000001137,0,1769461646214
2026-01-27 04:07:26,USDJPY.s,154.205,154.235,0.030000000000001137,0,1769461646214
2026-01-27 04:07:27,USDJPY.s,154.204,154.234,0.030000000000001137,0,1769461647106
2026-01-27 04:07:27,USDJPY.s,154.204,154.234,0.030000000000001137,0,1769461647901
2026-01-27 04:07:28,USDJPY.s,154.204,154.234,0.030000000000001137,0,1769461648426
2026-01-27 04:07:28,USDJPY.s,154.204,154.234,0.030000000000001137,0,1769461648426
2026-01-27 04:07:29,USDJPY.s,154.204,154.234,0.030000000000001137,0,1769461649439
2026-01-27 04:07:29,USDJPY.s,154.204,154.234,0.030000000000001137,0,1769461649439
2026-01-27 04:07:30,USDJPY.s,154.203,154.233,0.030000000000001137,0,1769461650479
2026-01-27 04:07:30,USDJPY.s,154.204,154.234,0.030000000000001137,0,1769461650895
2026-01-27 04:07:30,USDJPY.s,154.204,154.234,0.030000000000001137,0,1769461650895
2026-01-27 04:07:30,USDJPY.s,154.204,154.234,0.030000000000001137,0,1769461650895
2026-01-27 04:07:32,USDJPY.s,154.203,154.233,0.030000000000001137,0,1769461652893
2026-01-27 04:07:33,USDJPY.s,154.198,154.228,0.030000000000001137,0,1769461653597
2026-01-27 04:07:34,USDJPY.s,154.195,154.225,0.030000000000001137,0,1769461654016
2026-01-27 04:07:34,USDJPY.s,154.196,154.226,0.030000000000001137,0,1769461654351
2026-01-27 04:07:34,USDJPY.s,154.196,154.226,0.030000000000001137,0,1769461654351
2026-01-27 04:07:34,USDJPY.s,154.196,154.226,0.030000000000001137,0,1769461654351
2026-01-27 04:07:34,USDJPY.s,154.196,154.226,0.030000000000001137,0,1769461654351
2026-01-27 04:07:34,USDJPY.s,154.196,154.226,0.030000000000001137,0,1769461654351
2026-01-27 04:07:37,USDJPY.s,154.196,154.226,0.030000000000001137,0,1769461657210
2026-01-27 04:07:37,USDJPY.s,154.196,154.226,0.030000000000001137,0,1769461657210
2026-01-27 04:07:38,USDJPY.s,154.195,154.225,0.030000000000001137,0,1769461658435
2026-01-27 04:07:38,USDJPY.s,154.195,154.225,0.030000000000001137,0,1769461658435
2026-01-27 04:07:39,USDJPY.s,154.196,154.226,0.030000000000001137,0,1769461659586
2026-01-27 04:07:40,USDJPY.s,154.196,154.226,0.030000000000001137,0,1769461660182
2026-01-27 04:07:40,USDJPY.s,154.196,154.226,0.030000000000001137,0,1769461660182
2026-01-27 04:07:41,USDJPY.s,154.196,154.226,0.030000000000001137,0,1769461661839
2026-01-27 04:07:41,USDJPY.s,154.196,154.226,0.030000000000001137,0,1769461661839
2026-01-27 04:07:41,USDJPY.s,154.196,154.226,0.030000000000001137,0,1769461661839
2026-01-27 04:07:43,USDJPY.s,154.196,154.226,0.030000000000001137,0,1769461663371
2026-01-27 04:07:43,USDJPY.s,154.196,154.226,0.030000000000001137,0,1769461663371
2026-01-27 04:07:43,USDJPY.s,154.196,154.226,0.030000000000001137,0,1769461663371
2026-01-27 04:07:43,USDJPY.s,154.196,154.226,0.030000000000001137,0,1769461663371
2026-01-27 04:07:43,USDJPY.s,154.196,154.226,0.030000000000001137,0,1769461663371
2026-01-27 04:07:43,USDJPY.s,154.196,154.226,0.030000000000001137,0,1769461663371
2026-01-27 04:07:46,USDJPY.s,154.195,154.225,0.030000000000001137,0,1769461666769
2026-01-27 04:07:46,USDJPY.s,154.195,154.225,0.030000000000001137,0,1769461666769
2026-01-27 04:07:47,USDJPY.s,154.196,154.226,0.030000000000001137,0,1769461667741
2026-01-27 04:07:47,USDJPY.s,154.196,154.226,0.030000000000001137,0,1769461667741
2026-01-27 04:07:47,USDJPY.s,154.196,154.226,0.030000000000001137,0,1769461667741
2026-01-27 04:07:47,USDJPY.s,154.196,154.226,0.030000000000001137,0,1769461667741
2026-01-27 04:07:47,USDJPY.s,154.196,154.226,0.030000000000001137,0,1769461667741
2026-01-27 04:07:50,USDJPY.s,154.195,154.225,0.030000000000001137,0,1769461670862
2026-01-27 04:07:50,USDJPY.s,154.195,154.225,0.030000000000001137,0,1769461670862
2026-01-27 04:07:50,USDJPY.s,154.195,154.225,0.030000000000001137,0,1769461670862
2026-01-27 04:07:52,USDJPY.s,154.195,154.225,0.030000000000001137,0,1769461672345
2026-01-27 04:07:52,USDJPY.s,154.192,154.222,0.030000000000001137,0,1769461672643
2026-01-27 04:07:52,USDJPY.s,154.192,154.222,0.030000000000001137,0,1769461672643
2026-01-27 04:07:52,USDJPY.s,154.192,154.222,0.030000000000001137,0,1769461672643
2026-01-27 04:07:54,USDJPY.s,154.19,154.22,0.030000000000001137,0,1769461674772
2026-01-27 04:07:55,USDJPY.s,154.192,154.222,0.030000000000001137,0,1769461675376
2026-01-27 04:07:55,USDJPY.s,154.192,154.222,0.030000000000001137,0,1769461675450
2026-01-27 04:07:55,USDJPY.s,154.192,154.222,0.030000000000001137,0,1769461675450
2026-01-27 04:07:57,USDJPY.s,154.193,154.223,0.030000000000001137,0,1769461677280
2026-01-27 04:07:57,USDJPY.s,154.193,154.223,0.030000000000001137,0,1769461677504
2026-01-27 04:07:58,USDJPY.s,154.193,154.223,0.030000000000001137,0,1769461678291
2026-01-27 04:07:58,USDJPY.s,154.193,154.223,0.030000000000001137,0,1769461678291
2026-01-27 04:07:58,USDJPY.s,154.193,154.223,0.030000000000001137,0,1769461678291
2026-01-27 04:07:59,USDJPY.s,154.193,154.223,0.030000000000001137,0,1769461679940
2026-01-27 04:08:00,USDJPY.s,154.194,154.224,0.030000000000001137,0,1769461680491
2026-01-27 04:08:00,USDJPY.s,154.194,154.224,0.030000000000001137,0,1769461680491
2026-01-27 04:08:00,USDJPY.s,154.194,154.224,0.030000000000001137,0,1769461680491
2026-01-27 04:08:02,USDJPY.s,154.195,154.225,0.030000000000001137,0,1769461682508
2026-01-27 04:08:02,USDJPY.s,154.195,154.225,0.030000000000001137,0,1769461682508
2026-01-27 04:08:03,USDJPY.s,154.195,154.225,0.030000000000001137,0,1769461683580
2026-01-27 04:08:04,USDJPY.s,154.195,154.225,0.030000000000001137,0,1769461684237
2026-01-27 04:08:04,USDJPY.s,154.194,154.224,0.030000000000001137,0,1769461684820
2026-01-27 04:08:05,USDJPY.s,154.194,154.224,0.030000000000001137,0,1769461685142
2026-01-27 04:08:05,USDJPY.s,154.195,154.225,0.030000000000001137,0,1769461685976
2026-01-27 04:08:06,USDJPY.s,154.195,154.225,0.030000000000001137,0,1769461686546
2026-01-27 04:08:06,USDJPY.s,154.195,154.225,0.030000000000001137,0,1769461686938
2026-01-27 04:08:07,USDJPY.s,154.195,154.225,0.030000000000001137,0,1769461687648
2026-01-27 04:08:07,USDJPY.s,154.195,154.225,0.030000000000001137,0,1769461687973
2026-01-27 04:08:07,USDJPY.s,154.195,154.225,0.030000000000001137,0,1769461687973
2026-01-27 04:08:07,USDJPY.s,154.195,154.225,0.030000000000001137,0,1769461687973
2026-01-27 04:08:09,USDJPY.s,154.199,154.229,0.030000000000001137,0,1769461689938
2026-01-27 04:08:10,USDJPY.s,154.199,154.229,0.030000000000001137,0,1769461690519
2026-01-27 04:08:11,USDJPY.s,154.199,154.229,0.030000000000001137,0,1769461691687
2026-01-27 04:08:12,USDJPY.s,154.2,154.23,0.030000000000001137,0,1769461692006
2026-01-27 04:08:12,USDJPY.s,154.2,154.23,0.030000000000001137,0,1769461692006
2026-01-27 04:08:12,USDJPY.s,154.2,154.23,0.030000000000001137,0,1769461692006
2026-01-27 04:08:13,USDJPY.s,154.199,154.229,0.030000000000001137,0,1769461693840
2026-01-27 04:08:14,USDJPY.s,154.199,154.229,0.030000000000001137,0,1769461694349
2026-01-27 04:08:14,USDJPY.s,154.203,154.233,0.030000000000001137,0,1769461694979
2026-01-27 04:08:15,USDJPY.s,154.204,154.234,0.030000000000001137,0,1769461695631
2026-01-27 04:08:16,USDJPY.s,154.203,154.233,0.030000000000001137,0,1769461696111
2026-01-27 04:08:16,USDJPY.s,154.199,154.229,0.030000000000001137,0,1769461696705
2026-01-27 04:08:16,USDJPY.s,154.199,154.229,0.030000000000001137,0,1769461696705
2026-01-27 04:08:17,USDJPY.s,154.2,154.23,0.030000000000001137,0,1769461697671
2026-01-27 04:08:17,USDJPY.s,154.2,154.23,0.030000000000001137,0,1769461697671
2026-01-27 04:08:17,USDJPY.s,154.2,154.23,0.030000000000001137,0,1769461697671
2026-01-27 04:08:19,USDJPY.s,154.2,154.23,0.030000000000001137,0,1769461699202
2026-01-27 04:08:19,USDJPY.s,154.2,154.23,0.030000000000001137,0,1769461699911
2026-01-27 04:08:19,USDJPY.s,154.2,154.23,0.030000000000001137,0,1769461699911
2026-01-27 04:08:19,USDJPY.s,154.2,154.23,0.030000000000001137,0,1769461699911
2026-01-27 04:08:19,USDJPY.s,154.2,154.23,0.030000000000001137,0,1769461699911
2026-01-27 04:08:19,USDJPY.s,154.2,154.23,0.030000000000001137,0,1769461699911
2026-01-27 04:08:19,USDJPY.s,154.2,154.23,0.030000000000001137,0,1769461699911
2026-01-27 04:08:23,USDJPY.s,154.198,154.228,0.030000000000001137,0,1769461703681
2026-01-27 04:08:23,USDJPY.s,154.199,154.229,0.030000000000001137,0,1769461703989
2026-01-27 04:08:23,USDJPY.s,154.199,154.229,0.030000000000001137,0,1769461703989
2026-01-27 04:08:23,USDJPY.s,154.199,154.229,0.030000000000001137,0,1769461703989
2026-01-27 04:08:25,USDJPY.s,154.204,154.234,0.030000000000001137,0,1769461705796
2026-01-27 04:08:26,USDJPY.s,154.204,154.234,0.030000000000001137,0,1769461706296
2026-01-27 04:08:26,USDJPY.s,154.204,154.234,0.030000000000001137,0,1769461706296
2026-01-27 04:08:26,USDJPY.s,154.204,154.234,0.030000000000001137,0,1769461706296
2026-01-27 04:08:28,USDJPY.s,154.203,154.233,0.030000000000001137,0,1769461708266
2026-01-27 04:08:28,USDJPY.s,154.199,154.229,0.030000000000001137,0,1769461708461
2026-01-27 04:08:28,USDJPY.s,154.199,154.229,0.030000000000001137,0,1769461708461
2026-01-27 04:08:29,USDJPY.s,154.199,154.229,0.030000000000001137,0,1769461709925
2026-01-27 04:08:30,USDJPY.s,154.199,154.229,0.030000000000001137,0,1769461710337
2026-01-27 04:08:30,USDJPY.s,154.199,154.229,0.030000000000001137,0,1769461710337
2026-01-27 04:08:31,USDJPY.s,154.195,154.225,0.030000000000001137,0,1769461711452
2026-01-27 04:08:31,USDJPY.s,154.195,154.225,0.030000000000001137,0,1769461711452
2026-01-27 04:08:31,USDJPY.s,154.195,154.225,0.030000000000001137,0,1769461711452
2026-01-27 04:08:33,USDJPY.s,154.196,154.226,0.030000000000001137,0,1769461713265
2026-01-27 04:08:33,USDJPY.s,154.198,154.228,0.030000000000001137,0,1769461713752
2026-01-27 04:08:34,USDJPY.s,154.196,154.226,0.030000000000001137,0,1769461714453
2026-01-27 04:08:34,USDJPY.s,154.196,154.226,0.030000000000001137,0,1769461714453
2026-01-27 04:08:34,USDJPY.s,154.196,154.226,0.030000000000001137,0,1769461714453
2026-01-27 04:08:34,USDJPY.s,154.196,154.226,0.030000000000001137,0,1769461714453
2026-01-27 04:08:34,USDJPY.s,154.196,154.226,0.030000000000001137,0,1769461714453
2026-01-27 04:08:34,USDJPY.s,154.196,154.226,0.030000000000001137,0,1769461714453
2026-01-27 04:08:34,USDJPY.s,154.196,154.226,0.030000000000001137,0,1769461714453
2026-01-27 04:08:38,USDJPY.s,154.196,154.226,0.030000000000001137,0,1769461718024
2026-01-27 04:08:38,USDJPY.s,154.196,154.226,0.030000000000001137,0,1769461718024
2026-01-27 04:08:38,USDJPY.s,154.196,154.226,0.030000000000001137,0,1769461718024
2026-01-27 04:08:39,USDJPY.s,154.196,154.226,0.030000000000001137,0,1769461719811
2026-01-27 04:08:39,USDJPY.s,154.196,154.226,0.030000000000001137,0,1769461719811
2026-01-27 04:08:39,USDJPY.s,154.196,154.226,0.030000000000001137,0,1769461719811
2026-01-27 04:08:41,USDJPY.s,154.196,154.226,0.030000000000001137,0,1769461721600
2026-01-27 04:08:42,USDJPY.s,154.196,154.226,0.030000000000001137,0,1769461722293
2026-01-27 04:08:42,USDJPY.s,154.196,154.226,0.030000000000001137,0,1769461722293
2026-01-27 04:08:42,USDJPY.s,154.196,154.226,0.030000000000001137,0,1769461722293
2026-01-27 04:08:43,USDJPY.s,154.196,154.226,0.030000000000001137,0,1769461723744
2026-01-27 04:08:43,USDJPY.s,154.196,154.226,0.030000000000001137,0,1769461723744
2026-01-27 04:08:45,USDJPY.s,154.203,154.233,0.030000000000001137,0,1769461725156
2026-01-27 04:08:45,USDJPY.s,154.203,154.233,0.030000000000001137,0,1769461725985
2026-01-27 04:08:45,USDJPY.s,154.203,154.233,0.030000000000001137,0,1769461725985
2026-01-27 04:08:47,USDJPY.s,154.203,154.233,0.030000000000001137,0,1769461727070
2026-01-27 04:08:47,USDJPY.s,154.204,154.234,0.030000000000001137,0,1769461727410
2026-01-27 04:08:48,USDJPY.s,154.204,154.234,0.030000000000001137,0,1769461728265
2026-01-27 04:08:48,USDJPY.s,154.204,154.234,0.030000000000001137,0,1769461728265
2026-01-27 04:08:49,USDJPY.s,154.204,154.234,0.030000000000001137,0,1769461729035
2026-01-27 04:08:49,USDJPY.s,154.203,154.233,0.030000000000001137,0,1769461729471
2026-01-27 04:08:50,USDJPY.s,154.195,154.225,0.030000000000001137,0,1769461730488
2026-01-27 04:08:51,USDJPY.s,154.194,154.224,0.030000000000001137,0,1769461731053
2026-01-27 04:08:51,USDJPY.s,154.195,154.225,0.030000000000001137,0,1769461731530
2026-01-27 04:08:52,USDJPY.s,154.195,154.225,0.030000000000001137,0,1769461732147
2026-01-27 04:08:52,USDJPY.s,154.195,154.225,0.030000000000001137,0,1769461732745
2026-01-27 04:08:53,USDJPY.s,154.195,154.225,0.030000000000001137,0,1769461733183
2026-01-27 04:08:53,USDJPY.s,154.197,154.227,0.030000000000001137,0,1769461733520
2026-01-27 04:08:54,USDJPY.s,154.194,154.224,0.030000000000001137,0,1769461734048
2026-01-27 04:08:54,USDJPY.s,154.194,154.224,0.030000000000001137,0,1769461734048
2026-01-27 04:08:55,USDJPY.s,154.194,154.224,0.030000000000001137,0,1769461735719
2026-01-27 04:08:55,USDJPY.s,154.194,154.224,0.030000000000001137,0,1769461735719
2026-01-27 04:08:55,USDJPY.s,154.194,154.224,0.030000000000001137,0,1769461735719
2026-01-27 04:08:57,USDJPY.s,154.194,154.224,0.030000000000001137,0,1769461737196
2026-01-27 04:08:57,USDJPY.s,154.194,154.224,0.030000000000001137,0,1769461737196
2026-01-27 04:08:57,USDJPY.s,154.194,154.224,0.030000000000001137,0,1769461737196
2026-01-27 04:08:57,USDJPY.s,154.194,154.224,0.030000000000001137,0,1769461737196
2026-01-27 04:08:57,USDJPY.s,154.194,154.224,0.030000000000001137,0,1769461737196
2026-01-27 04:09:00,USDJPY.s,154.194,154.224,0.030000000000001137,0,1769461740271
2026-01-27 04:09:00,USDJPY.s,154.193,154.223,0.030000000000001137,0,1769461740820
2026-01-27 04:09:01,USDJPY.s,154.193,154.223,0.030000000000001137,0,1769461741296
2026-01-27 04:09:02,USDJPY.s,154.193,154.223,0.030000000000001137,0,1769461742179
2026-01-27 04:09:02,USDJPY.s,154.193,154.223,0.030000000000001137,0,1769461742179
2026-01-27 04:09:02,USDJPY.s,154.193,154.223,0.030000000000001137,0,1769461742179
2026-01-27 04:09:03,USDJPY.s,154.191,154.221,0.030000000000001137,0,1769461743732
2026-01-27 04:09:03,USDJPY.s,154.191,154.221,0.030000000000001137,0,1769461743732
2026-01-27 04:09:04,USDJPY.s,154.193,154.223,0.030000000000001137,0,1769461744946
2026-01-27 04:09:05,USDJPY.s,154.192,154.222,0.030000000000001137,0,1769461745502
2026-01-27 04:09:06,USDJPY.s,154.192,154.222,0.030000000000001137,0,1769461746123
2026-01-27 04:09:06,USDJPY.s,154.19,154.22,0.030000000000001137,0,1769461746737
2026-01-27 04:09:07,USDJPY.s,154.186,154.216,0.030000000000001137,0,1769461747324
2026-01-27 04:09:07,USDJPY.s,154.188,154.218,0.030000000000001137,0,1769461747633
2026-01-27 04:09:08,USDJPY.s,154.188,154.218,0.030000000000001137,0,1769461748340
2026-01-27 04:09:08,USDJPY.s,154.187,154.217,0.030000000000001137,0,1769461748712
2026-01-27 04:09:09,USDJPY.s,154.187,154.217,0.030000000000001137,0,1769461749170
2026-01-27 04:09:09,USDJPY.s,154.187,154.217,0.030000000000001137,0,1769461749170
2026-01-27 04:09:09,USDJPY.s,154.187,154.217,0.030000000000001137,0,1769461749170
2026-01-27 04:09:09,USDJPY.s,154.187,154.217,0.030000000000001137,0,1769461749170
2026-01-27 04:09:09,USDJPY.s,154.187,154.217,0.030000000000001137,0,1769461749170
2026-01-27 04:09:09,USDJPY.s,154.187,154.217,0.030000000000001137,0,1769461749170
2026-01-27 04:09:13,USDJPY.s,154.185,154.215,0.030000000000001137,0,1769461753100
2026-01-27 04:09:13,USDJPY.s,154.193,154.223,0.030000000000001137,0,1769461753646
2026-01-27 04:09:14,USDJPY.s,154.2,154.23,0.030000000000001137,0,1769461754133
2026-01-27 04:09:14,USDJPY.s,154.2,154.23,0.030000000000001137,0,1769461754655
2026-01-27 04:09:15,USDJPY.s,154.196,154.226,0.030000000000001137,0,1769461755365
2026-01-27 04:09:15,USDJPY.s,154.196,154.226,0.030000000000001137,0,1769461755365
2026-01-27 04:09:16,USDJPY.s,154.196,154.226,0.030000000000001137,0,1769461756513
2026-01-27 04:09:17,USDJPY.s,154.198,154.228,0.030000000000001137,0,1769461757030
2026-01-27 04:09:17,USDJPY.s,154.199,154.229,0.030000000000001137,0,1769461757377
2026-01-27 04:09:17,USDJPY.s,154.199,154.229,0.030000000000001137,0,1769461757865
2026-01-27 04:09:18,USDJPY.s,154.198,154.228,0.030000000000001137,0,1769461758781
2026-01-27 04:09:19,USDJPY.s,154.199,154.229,0.030000000000001137,0,1769461759226
2026-01-27 04:09:19,USDJPY.s,154.197,154.227,0.030000000000001137,0,1769461759883
2026-01-27 04:09:20,USDJPY.s,154.198,154.228,0.030000000000001137,0,1769461760049
2026-01-27 04:09:20,USDJPY.s,154.199,154.229,0.030000000000001137,0,1769461760702
2026-01-27 04:09:20,USDJPY.s,154.199,154.229,0.030000000000001137,0,1769461760702
2026-01-27 04:09:20,USDJPY.s,154.199,154.229,0.030000000000001137,0,1769461760702
2026-01-27 04:09:22,USDJPY.s,154.199,154.229,0.030000000000001137,0,1769461762708
2026-01-27 04:09:23,USDJPY.s,154.198,154.228,0.030000000000001137,0,1769461763251
2026-01-27 04:09:23,USDJPY.s,154.198,154.228,0.030000000000001137,0,1769461763251
2026-01-27 04:09:23,USDJPY.s,154.198,154.228,0.030000000000001137,0,1769461763251
2026-01-27 04:09:24,USDJPY.s,154.198,154.228,0.030000000000001137,0,1769461764519
2026-01-27 04:09:25,USDJPY.s,154.199,154.229,0.030000000000001137,0,1769461765450
2026-01-27 04:09:26,USDJPY.s,154.196,154.226,0.030000000000001137,0,1769461766057
2026-01-27 04:09:26,USDJPY.s,154.195,154.225,0.030000000000001137,0,1769461766734
2026-01-27 04:09:26,USDJPY.s,154.195,154.225,0.030000000000001137,0,1769461766804
2026-01-27 04:09:27,USDJPY.s,154.196,154.226,0.030000000000001137,0,1769461767867
2026-01-27 04:09:28,USDJPY.s,154.195,154.225,0.030000000000001137,0,1769461768349
2026-01-27 04:09:29,USDJPY.s,154.196,154.226,0.030000000000001137,0,1769461769022
2026-01-27 04:09:29,USDJPY.s,154.196,154.226,0.030000000000001137,0,1769461769423
2026-01-27 04:09:29,USDJPY.s,154.196,154.226,0.030000000000001137,0,1769461769681
2026-01-27 04:09:30,USDJPY.s,154.194,154.224,0.030000000000001137,0,1769461770693
2026-01-27 04:09:31,USDJPY.s,154.193,154.223,0.030000000000001137,0,1769461771140
2026-01-27 04:09:31,USDJPY.s,154.193,154.223,0.030000000000001137,0,1769461771140
2026-01-27 04:09:31,USDJPY.s,154.193,154.223,0.030000000000001137,0,1769461771140
2026-01-27 04:09:32,USDJPY.s,154.194,154.224,0.030000000000001137,0,1769461772768
2026-01-27 04:09:33,USDJPY.s,154.193,154.223,0.030000000000001137,0,1769461773279
2026-01-27 04:09:34,USDJPY.s,154.195,154.225,0.030000000000001137,0,1769461774015
2026-01-27 04:09:34,USDJPY.s,154.195,154.225,0.030000000000001137,0,1769461774015
2026-01-27 04:09:34,USDJPY.s,154.195,154.225,0.030000000000001137,0,1769461774830
2026-01-27 04:09:35,USDJPY.s,154.193,154.223,0.030000000000001137,0,1769461775487
2026-01-27 04:09:35,USDJPY.s,154.193,154.223,0.030000000000001137,0,1769461775487
2026-01-27 04:09:35,USDJPY.s,154.193,154.223,0.030000000000001137,0,1769461775487
2026-01-27 04:09:37,USDJPY.s,154.195,154.225,0.030000000000001137,0,1769461777079
2026-01-27 04:09:37,USDJPY.s,154.195,154.225,0.030000000000001137,0,1769461777079
2026-01-27 04:09:37,USDJPY.s,154.195,154.225,0.030000000000001137,0,1769461777079
2026-01-27 04:09:37,USDJPY.s,154.195,154.225,0.030000000000001137,0,1769461777079
2026-01-27 04:09:37,USDJPY.s,154.195,154.225,0.030000000000001137,0,1769461777079
2026-01-27 04:09:40,USDJPY.s,154.194,154.224,0.030000000000001137,0,1769461780246
2026-01-27 04:09:40,USDJPY.s,154.194,154.224,0.030000000000001137,0,1769461780246
2026-01-27 04:09:40,USDJPY.s,154.194,154.224,0.030000000000001137,0,1769461780246
2026-01-27 04:09:40,USDJPY.s,154.194,154.224,0.030000000000001137,0,1769461780246
2026-01-27 04:09:40,USDJPY.s,154.194,154.224,0.030000000000001137,0,1769461780246
2026-01-27 04:09:42,USDJPY.s,154.194,154.224,0.030000000000001137,0,1769461782626
2026-01-27 04:09:43,USDJPY.s,154.195,154.225,0.030000000000001137,0,1769461783631
2026-01-27 04:09:43,USDJPY.s,154.195,154.225,0.030000000000001137,0,1769461783631
2026-01-27 04:09:43,USDJPY.s,154.195,154.225,0.030000000000001137,0,1769461783631
2026-01-27 04:09:45,USDJPY.s,154.195,154.225,0.030000000000001137,0,1769461785342
2026-01-27 04:09:45,USDJPY.s,154.194,154.224,0.030000000000001137,0,1769461785919
2026-01-27 04:09:46,USDJPY.s,154.195,154.225,0.030000000000001137,0,1769461786481
2026-01-27 04:09:46,USDJPY.s,154.203,154.233,0.030000000000001137,0,1769461786948
2026-01-27 04:09:47,USDJPY.s,154.203,154.233,0.030000000000001137,0,1769461787204
2026-01-27 04:09:47,USDJPY.s,154.203,154.233,0.030000000000001137,0,1769461787698
2026-01-27 04:09:48,USDJPY.s,154.202,154.232,0.030000000000001137,0,1769461788702
2026-01-27 04:09:49,USDJPY.s,154.203,154.233,0.030000000000001137,0,1769461789247
2026-01-27 04:09:49,USDJPY.s,154.202,154.232,0.030000000000001137,0,1769461789845
2026-01-27 04:09:50,USDJPY.s,154.203,154.233,0.030000000000001137,0,1769461790580
2026-01-27 04:09:50,USDJPY.s,154.203,154.233,0.030000000000001137,0,1769461790580
2026-01-27 04:09:50,USDJPY.s,154.203,154.233,0.030000000000001137,0,1769461790580
2026-01-27 04:09:50,USDJPY.s,154.203,154.233,0.030000000000001137,0,1769461790580
2026-01-27 04:09:50,USDJPY.s,154.203,154.233,0.030000000000001137,0,1769461790580
2026-01-27 04:09:50,USDJPY.s,154.203,154.233,0.030000000000001137,0,1769461790580
2026-01-27 04:09:50,USDJPY.s,154.203,154.233,0.030000000000001137,0,1769461790580
2026-01-27 04:09:54,USDJPY.s,154.203,154.233,0.030000000000001137,0,1769461794021
2026-01-27 04:09:54,USDJPY.s,154.203,154.233,0.030000000000001137,0,1769461794916
2026-01-27 04:09:55,USDJPY.s,154.204,154.234,0.030000000000001137,0,1769461795132
2026-01-27 04:09:55,USDJPY.s,154.204,154.234,0.030000000000001137,0,1769461795761
2026-01-27 04:09:56,USDJPY.s,154.203,154.233,0.030000000000001137,0,1769461796199
2026-01-27 04:09:56,USDJPY.s,154.203,154.233,0.030000000000001137,0,1769461796199
2026-01-27 04:09:56,USDJPY.s,154.203,154.233,0.030000000000001137,0,1769461796199
2026-01-27 04:09:56,USDJPY.s,154.203,154.233,0.030000000000001137,0,1769461796199
2026-01-27 04:09:56,USDJPY.s,154.203,154.233,0.030000000000001137,0,1769461796199
2026-01-27 04:09:56,USDJPY.s,154.203,154.233,0.030000000000001137,0,1769461796199
2026-01-27 04:10:00,USDJPY.s,154.217,154.247,0.030000000000001137,0,1769461800127
2026-01-27 04:10:00,USDJPY.s,154.219,154.249,0.030000000000001137,0,1769461800695
2026-01-27 04:10:01,USDJPY.s,154.218,154.248,0.030000000000001137,0,1769461801212
2026-01-27 04:10:01,USDJPY.s,154.217,154.247,0.030000000000001137,0,1769461801675
2026-01-27 04:10:02,USDJPY.s,154.218,154.248,0.030000000000001137,0,1769461802126
2026-01-27 04:10:02,USDJPY.s,154.219,154.249,0.030000000000001137,0,1769461802659
2026-01-27 04:10:03,USDJPY.s,154.218,154.248,0.030000000000001137,0,1769461803353
2026-01-27 04:10:03,USDJPY.s,154.218,154.248,0.030000000000001137,0,1769461803353
2026-01-27 04:10:04,USDJPY.s,154.219,154.249,0.030000000000001137,0,1769461804518
2026-01-27 04:10:04,USDJPY.s,154.219,154.249,0.030000000000001137,0,1769461804518
2026-01-27 04:10:04,USDJPY.s,154.219,154.249,0.030000000000001137,0,1769461804518
2026-01-27 04:10:04,USDJPY.s,154.219,154.249,0.030000000000001137,0,1769461804518
2026-01-27 04:10:04,USDJPY.s,154.219,154.249,0.030000000000001137,0,1769461804518
2026-01-27 04:10:07,USDJPY.s,154.218,154.248,0.030000000000001137,0,1769461807261
2026-01-27 04:10:07,USDJPY.s,154.218,154.248,0.030000000000001137,0,1769461807261
2026-01-27 04:10:08,USDJPY.s,154.218,154.248,0.030000000000001137,0,1769461808553
2026-01-27 04:10:08,USDJPY.s,154.222,154.252,0.030000000000001137,0,1769461808983
2026-01-27 04:10:09,USDJPY.s,154.222,154.252,0.030000000000001137,0,1769461809522
2026-01-27 04:10:10,USDJPY.s,154.22,154.25,0.030000000000001137,0,1769461810158
2026-01-27 04:10:10,USDJPY.s,154.22,154.25,0.030000000000001137,0,1769461810649
2026-01-27 04:10:11,USDJPY.s,154.22,154.25,0.030000000000001137,0,1769461811122
2026-01-27 04:10:12,USDJPY.s,154.22,154.25,0.030000000000001137,0,1769461812386
2026-01-27 04:10:12,USDJPY.s,154.22,154.25,0.030000000000001137,0,1769461812386
2026-01-27 04:10:13,USDJPY.s,154.219,154.249,0.030000000000001137,0,1769461813557
2026-01-27 04:10:13,USDJPY.s,154.219,154.249,0.030000000000001137,0,1769461813557
2026-01-27 04:10:14,USDJPY.s,154.219,154.249,0.030000000000001137,0,1769461814759
2026-01-27 04:10:15,USDJPY.s,154.219,154.249,0.030000000000001137,0,1769461815435
2026-01-27 04:10:16,USDJPY.s,154.219,154.249,0.030000000000001137,0,1769461816039
2026-01-27 04:10:16,USDJPY.s,154.219,154.249,0.030000000000001137,0,1769461816498
2026-01-27 04:10:16,USDJPY.s,154.218,154.248,0.030000000000001137,0,1769461816906
2026-01-27 04:10:17,USDJPY.s,154.219,154.249,0.030000000000001137,0,1769461817894
2026-01-27 04:10:18,USDJPY.s,154.219,154.249,0.030000000000001137,0,1769461818144
2026-01-27 04:10:18,USDJPY.s,154.219,154.249,0.030000000000001137,0,1769461818601
2026-01-27 04:10:18,USDJPY.s,154.219,154.249,0.030000000000001137,0,1769461818601
2026-01-27 04:10:20,USDJPY.s,154.218,154.248,0.030000000000001137,0,1769461820059
2026-01-27 04:10:20,USDJPY.s,154.218,154.248,0.030000000000001137,0,1769461820059
2026-01-27 04:10:21,USDJPY.s,154.218,154.248,0.030000000000001137,0,1769461821064
2026-01-27 04:10:21,USDJPY.s,154.218,154.248,0.030000000000001137,0,1769461821064
2026-01-27 04:10:21,USDJPY.s,154.218,154.248,0.030000000000001137,0,1769461821064
2026-01-27 04:10:21,USDJPY.s,154.218,154.248,0.030000000000001137,0,1769461821064
2026-01-27 04:10:21,USDJPY.s,154.218,154.248,0.030000000000001137,0,1769461821064
2026-01-27 04:10:23,USDJPY.s,154.218,154.248,0.030000000000001137,0,1769461823952
2026-01-27 04:10:23,USDJPY.s,154.218,154.248,0.030000000000001137,0,1769461823952
2026-01-27 04:10:23,USDJPY.s,154.218,154.248,0.030000000000001137,0,1769461823952
2026-01-27 04:10:23,USDJPY.s,154.218,154.248,0.030000000000001137,0,1769461823952
2026-01-27 04:10:26,USDJPY.s,154.215,154.245,0.030000000000001137,0,1769461826263
2026-01-27 04:10:26,USDJPY.s,154.208,154.238,0.030000000000001137,0,1769461826604
2026-01-27 04:10:26,USDJPY.s,154.208,154.238,0.030000000000001137,0,1769461826604
2026-01-27 04:10:28,USDJPY.s,154.214,154.244,0.030000000000001137,0,1769461828010
2026-01-27 04:10:28,USDJPY.s,154.211,154.241,0.030000000000001137,0,1769461828318
2026-01-27 04:10:29,USDJPY.s,154.211,154.241,0.030000000000001137,0,1769461829133
2026-01-27 04:10:29,USDJPY.s,154.211,154.241,0.030000000000001137,0,1769461829133
2026-01-27 04:10:29,USDJPY.s,154.211,154.241,0.030000000000001137,0,1769461829133
2026-01-27 04:10:30,USDJPY.s,154.211,154.241,0.030000000000001137,0,1769461830726
2026-01-27 04:10:30,USDJPY.s,154.212,154.242,0.030000000000001137,0,1769461830998
2026-01-27 04:10:30,USDJPY.s,154.212,154.242,0.030000000000001137,0,1769461830998
2026-01-27 04:10:32,USDJPY.s,154.212,154.242,0.030000000000001137,0,1769461832495
2026-01-27 04:10:32,USDJPY.s,154.212,154.242,0.030000000000001137,0,1769461832715
2026-01-27 04:10:33,USDJPY.s,154.212,154.242,0.030000000000001137,0,1769461833566
2026-01-27 04:10:34,USDJPY.s,154.212,154.242,0.030000000000001137,0,1769461834200
2026-01-27 04:10:34,USDJPY.s,154.212,154.242,0.030000000000001137,0,1769461834200
2026-01-27 04:10:34,USDJPY.s,154.212,154.242,0.030000000000001137,0,1769461834845
2026-01-27 04:10:35,USDJPY.s,154.213,154.243,0.030000000000001137,0,1769461835887
2026-01-27 04:10:36,USDJPY.s,154.216,154.246,0.030000000000001137,0,1769461836360
2026-01-27 04:10:36,USDJPY.s,154.214,154.244,0.030000000000001137,0,1769461836942
2026-01-27 04:10:37,USDJPY.s,154.215,154.245,0.030000000000001137,0,1769461837487
2026-01-27 04:10:38,USDJPY.s,154.214,154.244,0.030000000000001137,0,1769461838058
2026-01-27 04:10:38,USDJPY.s,154.21,154.24,0.030000000000001137,0,1769461838521
2026-01-27 04:10:39,USDJPY.s,154.209,154.239,0.030000000000001137,0,1769461839197
2026-01-27 04:10:39,USDJPY.s,154.211,154.241,0.030000000000001137,0,1769461839727
2026-01-27 04:10:39,USDJPY.s,154.21,154.24,0.030000000000001137,0,1769461839805
2026-01-27 04:10:40,USDJPY.s,154.205,154.235,0.030000000000001137,0,1769461840412
2026-01-27 04:10:40,USDJPY.s,154.205,154.235,0.030000000000001137,0,1769461840412
2026-01-27 04:10:40,USDJPY.s,154.205,154.235,0.030000000000001137,0,1769461840412
2026-01-27 04:10:40,USDJPY.s,154.205,154.235,0.030000000000001137,0,1769461840412
2026-01-27 04:10:42,USDJPY.s,154.205,154.235,0.030000000000001137,0,1769461842924
2026-01-27 04:10:42,USDJPY.s,154.205,154.235,0.030000000000001137,0,1769461842924
2026-01-27 04:10:42,USDJPY.s,154.205,154.235,0.030000000000001137,0,1769461842924
2026-01-27 04:10:42,USDJPY.s,154.205,154.235,0.030000000000001137,0,1769461842924
2026-01-27 04:10:45,USDJPY.s,154.205,154.235,0.030000000000001137,0,1769461845254
2026-01-27 04:10:45,USDJPY.s,154.206,154.236,0.030000000000001137,0,1769461845835
2026-01-27 04:10:46,USDJPY.s,154.206,154.236,0.030000000000001137,0,1769461846151
2026-01-27 04:10:46,USDJPY.s,154.205,154.235,0.030000000000001137,0,1769461846946
2026-01-27 04:10:46,USDJPY.s,154.205,154.235,0.030000000000001137,0,1769461846946
2026-01-27 04:10:46,USDJPY.s,154.205,154.235,0.030000000000001137,0,1769461846946
2026-01-27 04:10:46,USDJPY.s,154.205,154.235,0.030000000000001137,0,1769461846946
2026-01-27 04:10:46,USDJPY.s,154.205,154.235,0.030000000000001137,0,1769461846946
2026-01-27 04:10:46,USDJPY.s,154.205,154.235,0.030000000000001137,0,1769461846946
2026-01-27 04:10:46,USDJPY.s,154.205,154.235,0.030000000000001137,0,1769461846946
2026-01-27 04:10:46,USDJPY.s,154.205,154.235,0.030000000000001137,0,1769461846946
2026-01-27 04:10:46,USDJPY.s,154.205,154.235,0.030000000000001137,0,1769461846946
2026-01-27 04:10:46,USDJPY.s,154.205,154.235,0.030000000000001137,0,1769461846946
2026-01-27 04:10:46,USDJPY.s,154.205,154.235,0.030000000000001137,0,1769461846946
2026-01-27 04:10:46,USDJPY.s,154.205,154.235,0.030000000000001137,0,1769461846946
2026-01-27 04:10:46,USDJPY.s,154.205,154.235,0.030000000000001137,0,1769461846946
2026-01-27 04:10:46,USDJPY.s,154.205,154.235,0.030000000000001137,0,1769461846946
2026-01-27 04:10:46,USDJPY.s,154.205,154.235,0.030000000000001137,0,1769461846946
2026-01-27 04:10:46,USDJPY.s,154.205,154.235,0.030000000000001137,0,1769461846946
2026-01-27 04:10:55,USDJPY.s,154.205,154.235,0.030000000000001137,0,1769461855709
2026-01-27 04:10:55,USDJPY.s,154.205,154.235,0.030000000000001137,0,1769461855709
2026-01-27 04:10:55,USDJPY.s,154.205,154.235,0.030000000000001137,0,1769461855709
2026-01-27 04:10:55,USDJPY.s,154.205,154.235,0.030000000000001137,0,1769461855709
2026-01-27 04:10:58,USDJPY.s,154.205,154.235,0.030000000000001137,0,1769461858141
2026-01-27 04:10:58,USDJPY.s,154.205,154.235,0.030000000000001137,0,1769461858141
2026-01-27 04:10:59,USDJPY.s,154.208,154.238,0.030000000000001137,0,1769461859370
2026-01-27 04:10:59,USDJPY.s,154.207,154.237,0.030000000000001137,0,1769461859683
2026-01-27 04:11:00,USDJPY.s,154.206,154.236,0.030000000000001137,0,1769461860520
2026-01-27 04:11:00,USDJPY.s,154.206,154.236,0.030000000000001137,0,1769461860520
2026-01-27 04:11:00,USDJPY.s,154.206,154.236,0.030000000000001137,0,1769461860520
2026-01-27 04:11:00,USDJPY.s,154.206,154.236,0.030000000000001137,0,1769461860520
2026-01-27 04:11:00,USDJPY.s,154.206,154.236,0.030000000000001137,0,1769461860520
2026-01-27 04:11:02,USDJPY.s,154.206,154.236,0.030000000000001137,0,1769461862958
2026-01-27 04:11:03,USDJPY.s,154.205,154.235,0.030000000000001137,0,1769461863917
2026-01-27 04:11:04,USDJPY.s,154.206,154.236,0.030000000000001137,0,1769461864226
2026-01-27 04:11:05,USDJPY.s,154.202,154.232,0.030000000000001137,0,1769461865010
2026-01-27 04:11:05,USDJPY.s,154.202,154.232,0.030000000000001137,0,1769461865593
2026-01-27 04:11:06,USDJPY.s,154.204,154.234,0.030000000000001137,0,1769461866131
2026-01-27 04:11:06,USDJPY.s,154.204,154.234,0.030000000000001137,0,1769461866196
2026-01-27 04:11:06,USDJPY.s,154.204,154.234,0.030000000000001137,0,1769461866196
2026-01-27 04:11:07,USDJPY.s,154.203,154.233,0.030000000000001137,0,1769461867766
2026-01-27 04:11:08,USDJPY.s,154.203,154.233,0.030000000000001137,0,1769461868131
2026-01-27 04:11:08,USDJPY.s,154.203,154.233,0.030000000000001137,0,1769461868131
2026-01-27 04:11:09,USDJPY.s,154.204,154.234,0.030000000000001137,0,1769461869525
2026-01-27 04:11:10,USDJPY.s,154.206,154.236,0.030000000000001137,0,1769461870007
2026-01-27 04:11:10,USDJPY.s,154.206,154.236,0.030000000000001137,0,1769461870007
2026-01-27 04:11:10,USDJPY.s,154.206,154.236,0.030000000000001137,0,1769461870007
2026-01-27 04:11:11,USDJPY.s,154.208,154.238,0.030000000000001137,0,1769461871787
2026-01-27 04:11:12,USDJPY.s,154.214,154.244,0.030000000000001137,0,1769461872398
2026-01-27 04:11:12,USDJPY.s,154.214,154.244,0.030000000000001137,0,1769461872622
2026-01-27 04:11:12,USDJPY.s,154.214,154.244,0.030000000000001137,0,1769461872622
2026-01-27 04:11:12,USDJPY.s,154.214,154.244,0.030000000000001137,0,1769461872622
2026-01-27 04:11:12,USDJPY.s,154.214,154.244,0.030000000000001137,0,1769461872622
2026-01-27 04:11:15,USDJPY.s,154.214,154.244,0.030000000000001137,0,1769461875470
2026-01-27 04:11:16,USDJPY.s,154.214,154.244,0.030000000000001137,0,1769461876000
2026-01-27 04:11:16,USDJPY.s,154.214,154.244,0.030000000000001137,0,1769461876000
2026-01-27 04:11:17,USDJPY.s,154.218,154.248,0.030000000000001137,0,1769461877302
2026-01-27 04:11:17,USDJPY.s,154.22,154.25,0.030000000000001137,0,1769461877908
2026-01-27 04:11:17,USDJPY.s,154.22,154.25,0.030000000000001137,0,1769461877908
2026-01-27 04:11:18,USDJPY.s,154.219,154.249,0.030000000000001137,0,1769461878917
2026-01-27 04:11:19,USDJPY.s,154.218,154.248,0.030000000000001137,0,1769461879573
2026-01-27 04:11:19,USDJPY.s,154.218,154.248,0.030000000000001137,0,1769461879573
2026-01-27 04:11:20,USDJPY.s,154.218,154.248,0.030000000000001137,0,1769461880188
2026-01-27 04:11:20,USDJPY.s,154.218,154.248,0.030000000000001137,0,1769461880845
2026-01-27 04:11:20,USDJPY.s,154.218,154.248,0.030000000000001137,0,1769461880845
2026-01-27 04:11:22,USDJPY.s,154.218,154.248,0.030000000000001137,0,1769461882294
2026-01-27 04:11:22,USDJPY.s,154.218,154.248,0.030000000000001137,0,1769461882294
2026-01-27 04:11:23,USDJPY.s,154.219,154.249,0.030000000000001137,0,1769461883478
2026-01-27 04:11:23,USDJPY.s,154.218,154.248,0.030000000000001137,0,1769461883794
2026-01-27 04:11:24,USDJPY.s,154.218,154.248,0.030000000000001137,0,1769461884448
2026-01-27 04:11:25,USDJPY.s,154.218,154.248,0.030000000000001137,0,1769461885145
2026-01-27 04:11:25,USDJPY.s,154.218,154.248,0.030000000000001137,0,1769461885769
2026-01-27 04:11:25,USDJPY.s,154.218,154.248,0.030000000000001137,0,1769461885769
2026-01-27 04:11:26,USDJPY.s,154.218,154.248,0.030000000000001137,0,1769461886431
2026-01-27 04:11:27,USDJPY.s,154.218,154.248,0.030000000000001137,0,1769461887440
2026-01-27 04:11:27,USDJPY.s,154.218,154.248,0.030000000000001137,0,1769461887861
2026-01-27 04:11:28,USDJPY.s,154.213,154.243,0.030000000000001137,0,1769461888305
2026-01-27 04:11:29,USDJPY.s,154.216,154.246,0.030000000000001137,0,1769461889017
2026-01-27 04:11:29,USDJPY.s,154.216,154.246,0.030000000000001137,0,1769461889017
2026-01-27 04:11:30,USDJPY.s,154.214,154.244,0.030000000000001137,0,1769461890339
2026-01-27 04:11:30,USDJPY.s,154.214,154.244,0.030000000000001137,0,1769461890417
2026-01-27 04:11:31,USDJPY.s,154.211,154.241,0.030000000000001137,0,1769461891358
2026-01-27 04:11:31,USDJPY.s,154.211,154.241,0.030000000000001137,0,1769461891583
2026-01-27 04:11:32,USDJPY.s,154.211,154.241,0.030000000000001137,0,1769461892332
2026-01-27 04:11:32,USDJPY.s,154.211,154.241,0.030000000000001137,0,1769461892332
2026-01-27 04:11:33,USDJPY.s,154.216,154.246,0.030000000000001137,0,1769461893682
2026-01-27 04:11:33,USDJPY.s,154.216,154.246,0.030000000000001137,0,1769461893682
2026-01-27 04:11:33,USDJPY.s,154.216,154.246,0.030000000000001137,0,1769461893682
2026-01-27 04:11:33,USDJPY.s,154.216,154.246,0.030000000000001137,0,1769461893682
2026-01-27 04:11:33,USDJPY.s,154.216,154.246,0.030000000000001137,0,1769461893682
2026-01-27 04:11:33,USDJPY.s,154.216,154.246,0.030000000000001137,0,1769461893682
2026-01-27 04:11:33,USDJPY.s,154.216,154.246,0.030000000000001137,0,1769461893682
2026-01-27 04:11:37,USDJPY.s,154.215,154.245,0.030000000000001137,0,1769461897730
2026-01-27 04:11:37,USDJPY.s,154.215,154.245,0.030000000000001137,0,1769461897730
2026-01-27 04:11:38,USDJPY.s,154.215,154.245,0.030000000000001137,0,1769461898583
2026-01-27 04:11:39,USDJPY.s,154.215,154.245,0.030000000000001137,0,1769461899545
2026-01-27 04:11:39,USDJPY.s,154.215,154.245,0.030000000000001137,0,1769461899545
2026-01-27 04:11:39,USDJPY.s,154.215,154.245,0.030000000000001137,0,1769461899545
2026-01-27 04:11:41,USDJPY.s,154.216,154.246,0.030000000000001137,0,1769461901231
2026-01-27 04:11:41,USDJPY.s,154.216,154.246,0.030000000000001137,0,1769461901231
2026-01-27 04:11:42,USDJPY.s,154.216,154.246,0.030000000000001137,0,1769461902445
2026-01-27 04:11:42,USDJPY.s,154.216,154.246,0.030000000000001137,0,1769461902661
2026-01-27 04:11:42,USDJPY.s,154.216,154.246,0.030000000000001137,0,1769461902661
2026-01-27 04:11:42,USDJPY.s,154.216,154.246,0.030000000000001137,0,1769461902661
2026-01-27 04:11:44,USDJPY.s,154.216,154.246,0.030000000000001137,0,1769461904546
2026-01-27 04:11:44,USDJPY.s,154.216,154.246,0.030000000000001137,0,1769461904546
2026-01-27 04:11:46,USDJPY.s,154.218,154.248,0.030000000000001137,0,1769461906130
2026-01-27 04:11:46,USDJPY.s,154.218,154.248,0.030000000000001137,0,1769461906686
2026-01-27 04:11:46,USDJPY.s,154.218,154.248,0.030000000000001137,0,1769461906686
2026-01-27 04:11:46,USDJPY.s,154.218,154.248,0.030000000000001137,0,1769461906686
2026-01-27 04:11:46,USDJPY.s,154.218,154.248,0.030000000000001137,0,1769461906686
2026-01-27 04:11:48,USDJPY.s,154.217,154.247,0.030000000000001137,0,1769461908941
2026-01-27 04:11:49,USDJPY.s,154.217,154.247,0.030000000000001137,0,1769461909240
2026-01-27 04:11:49,USDJPY.s,154.217,154.247,0.030000000000001137,0,1769461909967
2026-01-27 04:11:49,USDJPY.s,154.217,154.247,0.030000000000001137,0,1769461909967
2026-01-27 04:11:49,USDJPY.s,154.217,154.247,0.030000000000001137,0,1769461909967
2026-01-27 04:11:51,USDJPY.s,154.218,154.248,0.030000000000001137,0,1769461911460
2026-01-27 04:11:51,USDJPY.s,154.218,154.248,0.030000000000001137,0,1769461911460
2026-01-27 04:11:51,USDJPY.s,154.218,154.248,0.030000000000001137,0,1769461911460
2026-01-27 04:11:53,USDJPY.s,154.218,154.248,0.030000000000001137,0,1769461913410
2026-01-27 04:11:53,USDJPY.s,154.219,154.249,0.030000000000001137,0,1769461913732
2026-01-27 04:11:53,USDJPY.s,154.219,154.249,0.030000000000001137,0,1769461913732
2026-01-27 04:11:55,USDJPY.s,154.219,154.249,0.030000000000001137,0,1769461915092
2026-01-27 04:11:55,USDJPY.s,154.219,154.249,0.030000000000001137,0,1769461915781
2026-01-27 04:11:56,USDJPY.s,154.219,154.249,0.030000000000001137,0,1769461916248
2026-01-27 04:11:56,USDJPY.s,154.218,154.248,0.030000000000001137,0,1769461916375
2026-01-27 04:11:57,USDJPY.s,154.218,154.248,0.030000000000001137,0,1769461917053
2026-01-27 04:11:58,USDJPY.s,154.218,154.248,0.030000000000001137,0,1769461918018
2026-01-27 04:11:58,USDJPY.s,154.218,154.248,0.030000000000001137,0,1769461918177
2026-01-27 04:11:59,USDJPY.s,154.217,154.247,0.030000000000001137,0,1769461919123
2026-01-27 04:11:59,USDJPY.s,154.217,154.247,0.030000000000001137,0,1769461919589
2026-01-27 04:12:00,USDJPY.s,154.222,154.252,0.030000000000001137,0,1769461920317
2026-01-27 04:12:00,USDJPY.s,154.222,154.252,0.030000000000001137,0,1769461920317
2026-01-27 04:12:01,USDJPY.s,154.229,154.259,0.029999999999972715,0,1769461921435
2026-01-27 04:12:02,USDJPY.s,154.232,154.262,0.030000000000001137,0,1769461922074
2026-01-27 04:12:02,USDJPY.s,154.231,154.261,0.030000000000001137,0,1769461922604
2026-01-27 04:12:02,USDJPY.s,154.228,154.258,0.030000000000001137,0,1769461922870
2026-01-27 04:12:02,USDJPY.s,154.228,154.258,0.030000000000001137,0,1769461922870
2026-01-27 04:12:04,USDJPY.s,154.229,154.259,0.029999999999972715,0,1769461924187
2026-01-27 04:12:04,USDJPY.s,154.229,154.259,0.029999999999972715,0,1769461924187
2026-01-27 04:12:04,USDJPY.s,154.229,154.259,0.029999999999972715,0,1769461924187
2026-01-27 04:12:04,USDJPY.s,154.229,154.259,0.029999999999972715,0,1769461924187
2026-01-27 04:12:06,USDJPY.s,154.223,154.253,0.029999999999972715,0,1769461926514
2026-01-27 04:12:06,USDJPY.s,154.224,154.254,0.030000000000001137,0,1769461926993
2026-01-27 04:12:07,USDJPY.s,154.222,154.252,0.030000000000001137,0,1769461927652
2026-01-27 04:12:08,USDJPY.s,154.219,154.249,0.030000000000001137,0,1769461928203
2026-01-27 04:12:08,USDJPY.s,154.219,154.249,0.030000000000001137,0,1769461928474
2026-01-27 04:12:09,USDJPY.s,154.219,154.249,0.030000000000001137,0,1769461929308
2026-01-27 04:12:09,USDJPY.s,154.219,154.249,0.030000000000001137,0,1769461929829
2026-01-27 04:12:10,USDJPY.s,154.218,154.248,0.030000000000001137,0,1769461930362
2026-01-27 04:12:10,USDJPY.s,154.218,154.248,0.030000000000001137,0,1769461930362
2026-01-27 04:12:11,USDJPY.s,154.215,154.245,0.030000000000001137,0,1769461931576
2026-01-27 04:12:12,USDJPY.s,154.217,154.247,0.030000000000001137,0,1769461932038
2026-01-27 04:12:12,USDJPY.s,154.217,154.247,0.030000000000001137,0,1769461932599
2026-01-27 04:12:13,USDJPY.s,154.217,154.247,0.030000000000001137,0,1769461933172
2026-01-27 04:12:14,USDJPY.s,154.219,154.249,0.030000000000001137,0,1769461934366
2026-01-27 04:12:15,USDJPY.s,154.217,154.247,0.030000000000001137,0,1769461935054
2026-01-27 04:12:15,USDJPY.s,154.217,154.247,0.030000000000001137,0,1769461935054
2026-01-27 04:12:16,USDJPY.s,154.218,154.248,0.030000000000001137,0,1769461936167
2026-01-27 04:12:16,USDJPY.s,154.217,154.247,0.030000000000001137,0,1769461936763
2026-01-27 04:12:16,USDJPY.s,154.217,154.247,0.030000000000001137,0,1769461936763
2026-01-27 04:12:16,USDJPY.s,154.217,154.247,0.030000000000001137,0,1769461936763
2026-01-27 04:12:16,USDJPY.s,154.217,154.247,0.030000000000001137,0,1769461936763
2026-01-27 04:12:18,USDJPY.s,154.217,154.247,0.030000000000001137,0,1769461938892
2026-01-27 04:12:18,USDJPY.s,154.217,154.247,0.030000000000001137,0,1769461938892
2026-01-27 04:12:20,USDJPY.s,154.216,154.246,0.030000000000001137,0,1769461940098
2026-01-27 04:12:20,USDJPY.s,154.212,154.242,0.030000000000001137,0,1769461940736
2026-01-27 04:12:20,USDJPY.s,154.212,154.242,0.030000000000001137,0,1769461940736
2026-01-27 04:12:21,USDJPY.s,154.217,154.247,0.030000000000001137,0,1769461941814
2026-01-27 04:12:22,USDJPY.s,154.216,154.246,0.030000000000001137,0,1769461942213
2026-01-27 04:12:22,USDJPY.s,154.216,154.246,0.030000000000001137,0,1769461942213
2026-01-27 04:12:23,USDJPY.s,154.216,154.246,0.030000000000001137,0,1769461943161
2026-01-27 04:12:24,USDJPY.s,154.216,154.246,0.030000000000001137,0,1769461944130
2026-01-27 04:12:24,USDJPY.s,154.217,154.247,0.030000000000001137,0,1769461944387
2026-01-27 04:12:24,USDJPY.s,154.217,154.247,0.030000000000001137,0,1769461944869
2026-01-27 04:12:24,USDJPY.s,154.217,154.247,0.030000000000001137,0,1769461944869
2026-01-27 04:12:26,USDJPY.s,154.217,154.247,0.030000000000001137,0,1769461946288
2026-01-27 04:12:26,USDJPY.s,154.217,154.247,0.030000000000001137,0,1769461946288
2026-01-27 04:12:27,USDJPY.s,154.218,154.248,0.030000000000001137,0,1769461947409
2026-01-27 04:12:28,USDJPY.s,154.218,154.248,0.030000000000001137,0,1769461948065
2026-01-27 04:12:28,USDJPY.s,154.218,154.248,0.030000000000001137,0,1769461948121
2026-01-27 04:12:28,USDJPY.s,154.218,154.248,0.030000000000001137,0,1769461948121
2026-01-27 04:12:28,USDJPY.s,154.218,154.248,0.030000000000001137,0,1769461948121
2026-01-27 04:12:28,USDJPY.s,154.218,154.248,0.030000000000001137,0,1769461948121
2026-01-27 04:12:28,USDJPY.s,154.218,154.248,0.030000000000001137,0,1769461948121
2026-01-27 04:12:28,USDJPY.s,154.218,154.248,0.030000000000001137,0,1769461948121
2026-01-27 04:12:32,USDJPY.s,154.218,154.248,0.030000000000001137,0,1769461952023
2026-01-27 04:12:32,USDJPY.s,154.218,154.248,0.030000000000001137,0,1769461952023
2026-01-27 04:12:32,USDJPY.s,154.218,154.248,0.030000000000001137,0,1769461952023
2026-01-27 04:12:32,USDJPY.s,154.218,154.248,0.030000000000001137,0,1769461952023
2026-01-27 04:12:32,USDJPY.s,154.218,154.248,0.030000000000001137,0,1769461952023
2026-01-27 04:12:34,USDJPY.s,154.218,154.248,0.030000000000001137,0,1769461954732
2026-01-27 04:12:35,USDJPY.s,154.218,154.248,0.030000000000001137,0,1769461955388
2026-01-27 04:12:35,USDJPY.s,154.218,154.248,0.030000000000001137,0,1769461955937
2026-01-27 04:12:36,USDJPY.s,154.218,154.248,0.030000000000001137,0,1769461956317
2026-01-27 04:12:37,USDJPY.s,154.218,154.248,0.030000000000001137,0,1769461957069
2026-01-27 04:12:37,USDJPY.s,154.218,154.248,0.030000000000001137,0,1769461957707
2026-01-27 04:12:37,USDJPY.s,154.218,154.248,0.030000000000001137,0,1769461957933
2026-01-27 04:12:38,USDJPY.s,154.218,154.248,0.030000000000001137,0,1769461958801
2026-01-27 04:12:39,USDJPY.s,154.218,154.248,0.030000000000001137,0,1769461959196
2026-01-27 04:12:39,USDJPY.s,154.218,154.248,0.030000000000001137,0,1769461959998
2026-01-27 04:12:40,USDJPY.s,154.218,154.248,0.030000000000001137,0,1769461960052
2026-01-27 04:12:40,USDJPY.s,154.218,154.248,0.030000000000001137,0,1769461960052
2026-01-27 04:12:41,USDJPY.s,154.218,154.248,0.030000000000001137,0,1769461961931
2026-01-27 04:12:42,USDJPY.s,154.218,154.248,0.030000000000001137,0,1769461962340
2026-01-27 04:12:42,USDJPY.s,154.218,154.248,0.030000000000001137,0,1769461962901
2026-01-27 04:12:43,USDJPY.s,154.218,154.248,0.030000000000001137,0,1769461963215
2026-01-27 04:12:43,USDJPY.s,154.218,154.248,0.030000000000001137,0,1769461963215
2026-01-27 04:12:44,USDJPY.s,154.219,154.249,0.030000000000001137,0,1769461964584
2026-01-27 04:12:44,USDJPY.s,154.219,154.249,0.030000000000001137,0,1769461964584
2026-01-27 04:12:44,USDJPY.s,154.219,154.249,0.030000000000001137,0,1769461964584
2026-01-27 04:12:46,USDJPY.s,154.218,154.248,0.030000000000001137,0,1769461966398
2026-01-27 04:12:46,USDJPY.s,154.22,154.25,0.030000000000001137,0,1769461966904
2026-01-27 04:12:47,USDJPY.s,154.219,154.249,0.030000000000001137,0,1769461967366
2026-01-27 04:12:48,USDJPY.s,154.219,154.249,0.030000000000001137,0,1769461968134
2026-01-27 04:12:48,USDJPY.s,154.218,154.248,0.030000000000001137,0,1769461968414
2026-01-27 04:12:49,USDJPY.s,154.218,154.248,0.030000000000001137,0,1769461969176
2026-01-27 04:12:49,USDJPY.s,154.219,154.249,0.030000000000001137,0,1769461969739
2026-01-27 04:12:49,USDJPY.s,154.219,154.249,0.030000000000001137,0,1769461969739
2026-01-27 04:12:49,USDJPY.s,154.219,154.249,0.030000000000001137,0,1769461969739
2026-01-27 04:12:51,USDJPY.s,154.219,154.249,0.030000000000001137,0,1769461971106
2026-01-27 04:12:51,USDJPY.s,154.219,154.249,0.030000000000001137,0,1769461971882
2026-01-27 04:12:52,USDJPY.s,154.219,154.249,0.030000000000001137,0,1769461972279
2026-01-27 04:12:52,USDJPY.s,154.219,154.249,0.030000000000001137,0,1769461972896
2026-01-27 04:12:53,USDJPY.s,154.219,154.249,0.030000000000001137,0,1769461973711
2026-01-27 04:12:54,USDJPY.s,154.219,154.249,0.030000000000001137,0,1769461974085
2026-01-27 04:12:54,USDJPY.s,154.219,154.249,0.030000000000001137,0,1769461974085
2026-01-27 04:12:54,USDJPY.s,154.219,154.249,0.030000000000001137,0,1769461974085
2026-01-27 04:12:54,USDJPY.s,154.219,154.249,0.030000000000001137,0,1769461974085
2026-01-27 04:12:54,USDJPY.s,154.219,154.249,0.030000000000001137,0,1769461974085
2026-01-27 04:12:54,USDJPY.s,154.219,154.249,0.030000000000001137,0,1769461974085
2026-01-27 04:12:54,USDJPY.s,154.219,154.249,0.030000000000001137,0,1769461974085
2026-01-27 04:12:54,USDJPY.s,154.219,154.249,0.030000000000001137,0,1769461974085
2026-01-27 04:12:58,USDJPY.s,154.219,154.249,0.030000000000001137,0,1769461978840
2026-01-27 04:12:59,USDJPY.s,154.229,154.259,0.029999999999972715,0,1769461979453
2026-01-27 04:13:00,USDJPY.s,154.229,154.259,0.029999999999972715,0,1769461980046
2026-01-27 04:13:00,USDJPY.s,154.23,154.26,0.030000000000001137,0,1769461980250
2026-01-27 04:13:00,USDJPY.s,154.23,154.26,0.030000000000001137,0,1769461980250
2026-01-27 04:13:00,USDJPY.s,154.23,154.26,0.030000000000001137,0,1769461980250
2026-01-27 04:13:00,USDJPY.s,154.23,154.26,0.030000000000001137,0,1769461980250
2026-01-27 04:13:02,USDJPY.s,154.229,154.259,0.029999999999972715,0,1769461982799
2026-01-27 04:13:02,USDJPY.s,154.229,154.259,0.029999999999972715,0,1769461982799
2026-01-27 04:13:03,USDJPY.s,154.23,154.26,0.030000000000001137,0,1769461983867
2026-01-27 04:13:03,USDJPY.s,154.23,154.26,0.030000000000001137,0,1769461983867
2026-01-27 04:13:04,USDJPY.s,154.231,154.261,0.030000000000001137,0,1769461984857
2026-01-27 04:13:04,USDJPY.s,154.231,154.261,0.030000000000001137,0,1769461984857
2026-01-27 04:13:05,USDJPY.s,154.231,154.261,0.030000000000001137,0,1769461985926
2026-01-27 04:13:05,USDJPY.s,154.231,154.261,0.030000000000001137,0,1769461985926
2026-01-27 04:13:05,USDJPY.s,154.231,154.261,0.030000000000001137,0,1769461985926
2026-01-27 04:13:05,USDJPY.s,154.231,154.261,0.030000000000001137,0,1769461985926
2026-01-27 04:13:08,USDJPY.s,154.23,154.26,0.030000000000001137,0,1769461988601
2026-01-27 04:13:09,USDJPY.s,154.228,154.258,0.030000000000001137,0,1769461989187
2026-01-27 04:13:09,USDJPY.s,154.228,154.258,0.030000000000001137,0,1769461989647
2026-01-27 04:13:10,USDJPY.s,154.229,154.259,0.029999999999972715,0,1769461990044
2026-01-27 04:13:10,USDJPY.s,154.229,154.259,0.029999999999972715,0,1769461990789
2026-01-27 04:13:11,USDJPY.s,154.23,154.26,0.030000000000001137,0,1769461991272
2026-01-27 04:13:12,USDJPY.s,154.23,154.26,0.030000000000001137,0,1769461992144
2026-01-27 04:13:12,USDJPY.s,154.23,154.26,0.030000000000001137,0,1769461992215
2026-01-27 04:13:13,USDJPY.s,154.232,154.262,0.030000000000001137,0,1769461993194
2026-01-27 04:13:13,USDJPY.s,154.232,154.262,0.030000000000001137,0,1769461993194
2026-01-27 04:13:14,USDJPY.s,154.231,154.261,0.030000000000001137,0,1769461994366
2026-01-27 04:13:14,USDJPY.s,154.231,154.261,0.030000000000001137,0,1769461994366
2026-01-27 04:13:14,USDJPY.s,154.231,154.261,0.030000000000001137,0,1769461994366
2026-01-27 04:13:16,USDJPY.s,154.231,154.261,0.030000000000001137,0,1769461996156
2026-01-27 04:13:16,USDJPY.s,154.231,154.261,0.030000000000001137,0,1769461996156
2026-01-27 04:13:16,USDJPY.s,154.231,154.261,0.030000000000001137,0,1769461996156
2026-01-27 04:13:16,USDJPY.s,154.231,154.261,0.030000000000001137,0,1769461996156
2026-01-27 04:13:16,USDJPY.s,154.231,154.261,0.030000000000001137,0,1769461996156
2026-01-27 04:13:16,USDJPY.s,154.231,154.261,0.030000000000001137,0,1769461996156
2026-01-27 04:13:16,USDJPY.s,154.231,154.261,0.030000000000001137,0,1769461996156
2026-01-27 04:13:16,USDJPY.s,154.231,154.261,0.030000000000001137,0,1769461996156
2026-01-27 04:13:20,USDJPY.s,154.231,154.261,0.030000000000001137,0,1769462000783
2026-01-27 04:13:20,USDJPY.s,154.231,154.261,0.030000000000001137,0,1769462000783
2026-01-27 04:13:20,USDJPY.s,154.231,154.261,0.030000000000001137,0,1769462000783
2026-01-27 04:13:22,USDJPY.s,154.231,154.261,0.030000000000001137,0,1769462002310
2026-01-27 04:13:23,USDJPY.s,154.233,154.263,0.030000000000001137,0,1769462003120
2026-01-27 04:13:23,USDJPY.s,154.233,154.263,0.030000000000001137,0,1769462003120
2026-01-27 04:13:24,USDJPY.s,154.232,154.262,0.030000000000001137,0,1769462004235
2026-01-27 04:13:24,USDJPY.s,154.232,154.262,0.030000000000001137,0,1769462004235
2026-01-27 04:13:24,USDJPY.s,154.232,154.262,0.030000000000001137,0,1769462004235
2026-01-27 04:13:24,USDJPY.s,154.232,154.262,0.030000000000001137,0,1769462004235
2026-01-27 04:13:24,USDJPY.s,154.232,154.262,0.030000000000001137,0,1769462004235
2026-01-27 04:13:24,USDJPY.s,154.232,154.262,0.030000000000001137,0,1769462004235
2026-01-27 04:13:28,USDJPY.s,154.231,154.261,0.030000000000001137,0,1769462008086
2026-01-27 04:13:28,USDJPY.s,154.231,154.261,0.030000000000001137,0,1769462008086
2026-01-27 04:13:28,USDJPY.s,154.231,154.261,0.030000000000001137,0,1769462008086
2026-01-27 04:13:28,USDJPY.s,154.231,154.261,0.030000000000001137,0,1769462008086
2026-01-27 04:13:28,USDJPY.s,154.231,154.261,0.030000000000001137,0,1769462008086
2026-01-27 04:13:28,USDJPY.s,154.231,154.261,0.030000000000001137,0,1769462008086
2026-01-27 04:13:28,USDJPY.s,154.231,154.261,0.030000000000001137,0,1769462008086
2026-01-27 04:13:28,USDJPY.s,154.231,154.261,0.030000000000001137,0,1769462008086
2026-01-27 04:13:32,USDJPY.s,154.229,154.259,0.029999999999972715,0,1769462012683
2026-01-27 04:13:32,USDJPY.s,154.23,154.26,0.030000000000001137,0,1769462012730
2026-01-27 04:13:32,USDJPY.s,154.23,154.26,0.030000000000001137,0,1769462012730
2026-01-27 04:13:34,USDJPY.s,154.231,154.261,0.030000000000001137,0,1769462014151
2026-01-27 04:13:34,USDJPY.s,154.231,154.261,0.030000000000001137,0,1769462014560
2026-01-27 04:13:35,USDJPY.s,154.23,154.26,0.030000000000001137,0,1769462015063
2026-01-27 04:13:35,USDJPY.s,154.23,154.26,0.030000000000001137,0,1769462015687
2026-01-27 04:13:36,USDJPY.s,154.229,154.259,0.029999999999972715,0,1769462016640
2026-01-27 04:13:37,USDJPY.s,154.231,154.261,0.030000000000001137,0,1769462017176
2026-01-27 04:13:37,USDJPY.s,154.231,154.261,0.030000000000001137,0,1769462017176
2026-01-27 04:13:37,USDJPY.s,154.231,154.261,0.030000000000001137,0,1769462017176
2026-01-27 04:13:37,USDJPY.s,154.231,154.261,0.030000000000001137,0,1769462017176
2026-01-27 04:13:39,USDJPY.s,154.232,154.262,0.030000000000001137,0,1769462019547
2026-01-27 04:13:39,USDJPY.s,154.231,154.261,0.030000000000001137,0,1769462019671
2026-01-27 04:13:40,USDJPY.s,154.232,154.262,0.030000000000001137,0,1769462020671
2026-01-27 04:13:40,USDJPY.s,154.232,154.262,0.030000000000001137,0,1769462020671
2026-01-27 04:13:40,USDJPY.s,154.232,154.262,0.030000000000001137,0,1769462020671
2026-01-27 04:13:40,USDJPY.s,154.232,154.262,0.030000000000001137,0,1769462020671
2026-01-27 04:13:40,USDJPY.s,154.232,154.262,0.030000000000001137,0,1769462020671
2026-01-27 04:13:40,USDJPY.s,154.232,154.262,0.030000000000001137,0,1769462020671
2026-01-27 04:13:40,USDJPY.s,154.232,154.262,0.030000000000001137,0,1769462020671
2026-01-27 04:13:40,USDJPY.s,154.232,154.262,0.030000000000001137,0,1769462020671
2026-01-27 04:13:40,USDJPY.s,154.232,154.262,0.030000000000001137,0,1769462020671
2026-01-27 04:13:40,USDJPY.s,154.232,154.262,0.030000000000001137,0,1769462020671
2026-01-27 04:13:40,USDJPY.s,154.232,154.262,0.030000000000001137,0,1769462020671
2026-01-27 04:13:40,USDJPY.s,154.232,154.262,0.030000000000001137,0,1769462020671
2026-01-27 04:13:40,USDJPY.s,154.232,154.262,0.030000000000001137,0,1769462020671
2026-01-27 04:13:40,USDJPY.s,154.232,154.262,0.030000000000001137,0,1769462020671
2026-01-27 04:13:40,USDJPY.s,154.232,154.262,0.030000000000001137,0,1769462020671
2026-01-27 04:13:48,USDJPY.s,154.232,154.262,0.030000000000001137,0,1769462028850
2026-01-27 04:13:48,USDJPY.s,154.232,154.262,0.030000000000001137,0,1769462028850
2026-01-27 04:13:48,USDJPY.s,154.232,154.262,0.030000000000001137,0,1769462028850
2026-01-27 04:13:48,USDJPY.s,154.232,154.262,0.030000000000001137,0,1769462028850
2026-01-27 04:13:51,USDJPY.s,154.233,154.263,0.030000000000001137,0,1769462031078
2026-01-27 04:13:52,USDJPY.s,154.232,154.262,0.030000000000001137,0,1769462032096
2026-01-27 04:13:52,USDJPY.s,154.237,154.267,0.030000000000001137,0,1769462032760
2026-01-27 04:13:53,USDJPY.s,154.237,154.267,0.030000000000001137,0,1769462033040
2026-01-27 04:13:53,USDJPY.s,154.237,154.267,0.030000000000001137,0,1769462033040
2026-01-27 04:13:54,USDJPY.s,154.237,154.267,0.030000000000001137,0,1769462034385
2026-01-27 04:13:55,USDJPY.s,154.237,154.267,0.030000000000001137,0,1769462035034
2026-01-27 04:13:55,USDJPY.s,154.237,154.267,0.030000000000001137,0,1769462035034
2026-01-27 04:13:55,USDJPY.s,154.237,154.267,0.030000000000001137,0,1769462035034
2026-01-27 04:13:55,USDJPY.s,154.237,154.267,0.030000000000001137,0,1769462035034
2026-01-27 04:13:57,USDJPY.s,154.243,154.273,0.030000000000001137,0,1769462037348
2026-01-27 04:13:58,USDJPY.s,154.242,154.272,0.030000000000001137,0,1769462038215
2026-01-27 04:13:58,USDJPY.s,154.237,154.267,0.030000000000001137,0,1769462038703
2026-01-27 04:13:59,USDJPY.s,154.236,154.266,0.030000000000001137,0,1769462039064
2026-01-27 04:13:59,USDJPY.s,154.236,154.266,0.030000000000001137,0,1769462039064
2026-01-27 04:14:00,USDJPY.s,154.232,154.262,0.030000000000001137,0,1769462040447
2026-01-27 04:14:01,USDJPY.s,154.231,154.261,0.030000000000001137,0,1769462041026
2026-01-27 04:14:01,USDJPY.s,154.231,154.261,0.030000000000001137,0,1769462041026
2026-01-27 04:14:01,USDJPY.s,154.23,154.26,0.030000000000001137,0,1769462041875
2026-01-27 04:14:02,USDJPY.s,154.231,154.261,0.030000000000001137,0,1769462042318
2026-01-27 04:14:03,USDJPY.s,154.23,154.26,0.030000000000001137,0,1769462043099
2026-01-27 04:14:03,USDJPY.s,154.231,154.261,0.030000000000001137,0,1769462043794
2026-01-27 04:14:03,USDJPY.s,154.231,154.261,0.030000000000001137,0,1769462043794
2026-01-27 04:14:03,USDJPY.s,154.231,154.261,0.030000000000001137,0,1769462043794
2026-01-27 04:14:05,USDJPY.s,154.231,154.261,0.030000000000001137,0,1769462045126
2026-01-27 04:14:05,USDJPY.s,154.231,154.261,0.030000000000001137,0,1769462045126
2026-01-27 04:14:06,USDJPY.s,154.231,154.261,0.030000000000001137,0,1769462046725
2026-01-27 04:14:06,USDJPY.s,154.231,154.261,0.030000000000001137,0,1769462046725
2026-01-27 04:14:07,USDJPY.s,154.231,154.261,0.030000000000001137,0,1769462047923
2026-01-27 04:14:08,USDJPY.s,154.232,154.262,0.030000000000001137,0,1769462048433
2026-01-27 04:14:08,USDJPY.s,154.232,154.262,0.030000000000001137,0,1769462048433
2026-01-27 04:14:08,USDJPY.s,154.232,154.262,0.030000000000001137,0,1769462048433
2026-01-27 04:14:08,USDJPY.s,154.232,154.262,0.030000000000001137,0,1769462048433
2026-01-27 04:14:10,USDJPY.s,154.231,154.261,0.030000000000001137,0,1769462050438
2026-01-27 04:14:10,USDJPY.s,154.231,154.261,0.030000000000001137,0,1769462050438
2026-01-27 04:14:10,USDJPY.s,154.231,154.261,0.030000000000001137,0,1769462050438
2026-01-27 04:14:12,USDJPY.s,154.231,154.261,0.030000000000001137,0,1769462052634
2026-01-27 04:14:13,USDJPY.s,154.229,154.259,0.029999999999972715,0,1769462053242
2026-01-27 04:14:13,USDJPY.s,154.223,154.253,0.029999999999972715,0,1769462053768
2026-01-27 04:14:14,USDJPY.s,154.224,154.254,0.030000000000001137,0,1769462054431
2026-01-27 04:14:14,USDJPY.s,154.225,154.255,0.030000000000001137,0,1769462054880
2026-01-27 04:14:15,USDJPY.s,154.222,154.252,0.030000000000001137,0,1769462055546
2026-01-27 04:14:15,USDJPY.s,154.222,154.252,0.030000000000001137,0,1769462055960
2026-01-27 04:14:16,USDJPY.s,154.23,154.26,0.030000000000001137,0,1769462056822
2026-01-27 04:14:17,USDJPY.s,154.23,154.26,0.030000000000001137,0,1769462057363
2026-01-27 04:14:17,USDJPY.s,154.23,154.26,0.030000000000001137,0,1769462057920
2026-01-27 04:14:18,USDJPY.s,154.23,154.26,0.030000000000001137,0,1769462058243
2026-01-27 04:14:18,USDJPY.s,154.23,154.26,0.030000000000001137,0,1769462058243
2026-01-27 04:14:19,USDJPY.s,154.225,154.255,0.030000000000001137,0,1769462059658
2026-01-27 04:14:19,USDJPY.s,154.225,154.255,0.030000000000001137,0,1769462059658
2026-01-27 04:14:19,USDJPY.s,154.225,154.255,0.030000000000001137,0,1769462059658
2026-01-27 04:14:21,USDJPY.s,154.223,154.253,0.029999999999972715,0,1769462061195
2026-01-27 04:14:21,USDJPY.s,154.22,154.25,0.030000000000001137,0,1769462061712
2026-01-27 04:14:22,USDJPY.s,154.221,154.251,0.030000000000001137,0,1769462062472
2026-01-27 04:14:22,USDJPY.s,154.22,154.25,0.030000000000001137,0,1769462062968
2026-01-27 04:14:22,USDJPY.s,154.22,154.25,0.030000000000001137,0,1769462062968
2026-01-27 04:14:24,USDJPY.s,154.221,154.251,0.030000000000001137,0,1769462064002
2026-01-27 04:14:24,USDJPY.s,154.221,154.251,0.030000000000001137,0,1769462064753
2026-01-27 04:14:24,USDJPY.s,154.22,154.25,0.030000000000001137,0,1769462064856
2026-01-27 04:14:24,USDJPY.s,154.22,154.25,0.030000000000001137,0,1769462064856
2026-01-27 04:14:26,USDJPY.s,154.22,154.25,0.030000000000001137,0,1769462066273
2026-01-27 04:14:26,USDJPY.s,154.22,154.25,0.030000000000001137,0,1769462066273
2026-01-27 04:14:26,USDJPY.s,154.22,154.25,0.030000000000001137,0,1769462066273
2026-01-27 04:14:28,USDJPY.s,154.22,154.25,0.030000000000001137,0,1769462068006
2026-01-27 04:14:28,USDJPY.s,154.22,154.25,0.030000000000001137,0,1769462068006
2026-01-27 04:14:28,USDJPY.s,154.222,154.252,0.030000000000001137,0,1769462068869
2026-01-27 04:14:28,USDJPY.s,154.222,154.252,0.030000000000001137,0,1769462068869
2026-01-27 04:14:28,USDJPY.s,154.222,154.252,0.030000000000001137,0,1769462068869
2026-01-27 04:14:28,USDJPY.s,154.222,154.252,0.030000000000001137,0,1769462068869
2026-01-27 04:14:31,USDJPY.s,154.225,154.255,0.030000000000001137,0,1769462071563
2026-01-27 04:14:32,USDJPY.s,154.226,154.256,0.030000000000001137,0,1769462072327
2026-01-27 04:14:32,USDJPY.s,154.227,154.257,0.030000000000001137,0,1769462072574
2026-01-27 04:14:33,USDJPY.s,154.227,154.257,0.030000000000001137,0,1769462073394
2026-01-27 04:14:33,USDJPY.s,154.226,154.256,0.030000000000001137,0,1769462073716
2026-01-27 04:14:34,USDJPY.s,154.227,154.257,0.030000000000001137,0,1769462074586
2026-01-27 04:14:34,USDJPY.s,154.226,154.256,0.030000000000001137,0,1769462074666
2026-01-27 04:14:34,USDJPY.s,154.226,154.256,0.030000000000001137,0,1769462074666
2026-01-27 04:14:34,USDJPY.s,154.226,154.256,0.030000000000001137,0,1769462074666
2026-01-27 04:14:34,USDJPY.s,154.226,154.256,0.030000000000001137,0,1769462074666
2026-01-27 04:14:34,USDJPY.s,154.226,154.256,0.030000000000001137,0,1769462074666
2026-01-27 04:14:34,USDJPY.s,154.226,154.256,0.030000000000001137,0,1769462074666
2026-01-27 04:14:38,USDJPY.s,154.229,154.259,0.029999999999972715,0,1769462078513
2026-01-27 04:14:38,USDJPY.s,154.227,154.257,0.030000000000001137,0,1769462078994
2026-01-27 04:14:38,USDJPY.s,154.227,154.257,0.030000000000001137,0,1769462078994
2026-01-27 04:14:38,USDJPY.s,154.227,154.257,0.030000000000001137,0,1769462078994
2026-01-27 04:14:40,USDJPY.s,154.225,154.255,0.030000000000001137,0,1769462080717
2026-01-27 04:14:41,USDJPY.s,154.226,154.256,0.030000000000001137,0,1769462081361
2026-01-27 04:14:41,USDJPY.s,154.226,154.256,0.030000000000001137,0,1769462081852
2026-01-27 04:14:41,USDJPY.s,154.226,154.256,0.030000000000001137,0,1769462081852
2026-01-27 04:14:43,USDJPY.s,154.226,154.256,0.030000000000001137,0,1769462083037
2026-01-27 04:14:43,USDJPY.s,154.229,154.259,0.029999999999972715,0,1769462083753
2026-01-27 04:14:44,USDJPY.s,154.228,154.258,0.030000000000001137,0,1769462084304
2026-01-27 04:14:44,USDJPY.s,154.228,154.258,0.030000000000001137,0,1769462084530
2026-01-27 04:14:45,USDJPY.s,154.227,154.257,0.030000000000001137,0,1769462085332
2026-01-27 04:14:45,USDJPY.s,154.227,154.257,0.030000000000001137,0,1769462085332
2026-01-27 04:14:46,USDJPY.s,154.229,154.259,0.029999999999972715,0,1769462086481
2026-01-27 04:14:46,USDJPY.s,154.229,154.259,0.029999999999972715,0,1769462086840
2026-01-27 04:14:47,USDJPY.s,154.23,154.26,0.030000000000001137,0,1769462087620
2026-01-27 04:14:47,USDJPY.s,154.23,154.26,0.030000000000001137,0,1769462087620
2026-01-27 04:14:47,USDJPY.s,154.23,154.26,0.030000000000001137,0,1769462087620
2026-01-27 04:14:47,USDJPY.s,154.23,154.26,0.030000000000001137,0,1769462087620
2026-01-27 04:14:47,USDJPY.s,154.23,154.26,0.030000000000001137,0,1769462087620
2026-01-27 04:14:47,USDJPY.s,154.23,154.26,0.030000000000001137,0,1769462087620
2026-01-27 04:14:47,USDJPY.s,154.23,154.26,0.030000000000001137,0,1769462087620
2026-01-27 04:14:51,USDJPY.s,154.229,154.259,0.029999999999972715,0,1769462091154
2026-01-27 04:14:51,USDJPY.s,154.229,154.259,0.029999999999972715,0,1769462091154
2026-01-27 04:14:52,USDJPY.s,154.23,154.26,0.030000000000001137,0,1769462092725
2026-01-27 04:14:52,USDJPY.s,154.23,154.26,0.030000000000001137,0,1769462092954
2026-01-27 04:14:52,USDJPY.s,154.23,154.26,0.030000000000001137,0,1769462092954
2026-01-27 04:14:52,USDJPY.s,154.23,154.26,0.030000000000001137,0,1769462092954
2026-01-27 04:14:55,USDJPY.s,154.228,154.258,0.030000000000001137,0,1769462095139
2026-01-27 04:14:55,USDJPY.s,154.229,154.259,0.029999999999972715,0,1769462095634
2026-01-27 04:14:55,USDJPY.s,154.23,154.26,0.030000000000001137,0,1769462095983
2026-01-27 04:14:56,USDJPY.s,154.23,154.26,0.030000000000001137,0,1769462096589
2026-01-27 04:14:57,USDJPY.s,154.231,154.261,0.030000000000001137,0,1769462097589
2026-01-27 04:14:58,USDJPY.s,154.23,154.26,0.030000000000001137,0,1769462098064
2026-01-27 04:14:58,USDJPY.s,154.23,154.26,0.030000000000001137,0,1769462098064
2026-01-27 04:14:59,USDJPY.s,154.229,154.259,0.029999999999972715,0,1769462099101
2026-01-27 04:14:59,USDJPY.s,154.229,154.259,0.029999999999972715,0,1769462099101
2026-01-27 04:15:00,USDJPY.s,154.232,154.262,0.030000000000001137,0,1769462100366
2026-01-27 04:15:00,USDJPY.s,154.239,154.269,0.030000000000001137,0,1769462100922
2026-01-27 04:15:01,USDJPY.s,154.239,154.269,0.030000000000001137,0,1769462101173
2026-01-27 04:15:02,USDJPY.s,154.238,154.268,0.030000000000001137,0,1769462102129
2026-01-27 04:15:02,USDJPY.s,154.238,154.268,0.030000000000001137,0,1769462102637
2026-01-27 04:15:02,USDJPY.s,154.238,154.268,0.030000000000001137,0,1769462102637
2026-01-27 04:15:02,USDJPY.s,154.238,154.268,0.030000000000001137,0,1769462102637
2026-01-27 04:15:02,USDJPY.s,154.238,154.268,0.030000000000001137,0,1769462102637
2026-01-27 04:15:04,USDJPY.s,154.239,154.269,0.030000000000001137,0,1769462104882
2026-01-27 04:15:05,USDJPY.s,154.239,154.269,0.030000000000001137,0,1769462105597
2026-01-27 04:15:05,USDJPY.s,154.238,154.268,0.030000000000001137,0,1769462105918
2026-01-27 04:15:05,USDJPY.s,154.238,154.268,0.030000000000001137,0,1769462105918
2026-01-27 04:15:06,USDJPY.s,154.239,154.269,0.030000000000001137,0,1769462106843
2026-01-27 04:15:07,USDJPY.s,154.238,154.268,0.030000000000001137,0,1769462107916
2026-01-27 04:15:07,USDJPY.s,154.238,154.268,0.030000000000001137,0,1769462107916
2026-01-27 04:15:09,USDJPY.s,154.238,154.268,0.030000000000001137,0,1769462109018
2026-01-27 04:15:09,USDJPY.s,154.24,154.27,0.030000000000001137,0,1769462109396
2026-01-27 04:15:09,USDJPY.s,154.24,154.27,0.030000000000001137,0,1769462109396
2026-01-27 04:15:09,USDJPY.s,154.24,154.27,0.030000000000001137,0,1769462109396
2026-01-27 04:15:11,USDJPY.s,154.239,154.269,0.030000000000001137,0,1769462111149
2026-01-27 04:15:11,USDJPY.s,154.239,154.269,0.030000000000001137,0,1769462111149
2026-01-27 04:15:12,USDJPY.s,154.239,154.269,0.030000000000001137,0,1769462112386
2026-01-27 04:15:12,USDJPY.s,154.239,154.269,0.030000000000001137,0,1769462112386
2026-01-27 04:15:13,USDJPY.s,154.243,154.273,0.030000000000001137,0,1769462113411
2026-01-27 04:15:14,USDJPY.s,154.243,154.273,0.030000000000001137,0,1769462114245
2026-01-27 04:15:14,USDJPY.s,154.243,154.273,0.030000000000001137,0,1769462114555
2026-01-27 04:15:15,USDJPY.s,154.241,154.271,0.029999999999972715,0,1769462115197
2026-01-27 04:15:15,USDJPY.s,154.241,154.271,0.029999999999972715,0,1769462115197
2026-01-27 04:15:15,USDJPY.s,154.241,154.271,0.029999999999972715,0,1769462115197
2026-01-27 04:15:17,USDJPY.s,154.239,154.269,0.030000000000001137,0,1769462117043
2026-01-27 04:15:17,USDJPY.s,154.239,154.269,0.030000000000001137,0,1769462117043
2026-01-27 04:15:17,USDJPY.s,154.239,154.269,0.030000000000001137,0,1769462117043
2026-01-27 04:15:17,USDJPY.s,154.239,154.269,0.030000000000001137,0,1769462117043
2026-01-27 04:15:17,USDJPY.s,154.239,154.269,0.030000000000001137,0,1769462117043
2026-01-27 04:15:17,USDJPY.s,154.239,154.269,0.030000000000001137,0,1769462117043
2026-01-27 04:15:17,USDJPY.s,154.239,154.269,0.030000000000001137,0,1769462117043
2026-01-27 04:15:21,USDJPY.s,154.245,154.275,0.030000000000001137,0,1769462121472
2026-01-27 04:15:21,USDJPY.s,154.244,154.274,0.030000000000001137,0,1769462121883
2026-01-27 04:15:21,USDJPY.s,154.244,154.274,0.030000000000001137,0,1769462121883
2026-01-27 04:15:21,USDJPY.s,154.244,154.274,0.030000000000001137,0,1769462121883
2026-01-27 04:15:23,USDJPY.s,154.244,154.274,0.030000000000001137,0,1769462123635
2026-01-27 04:15:24,USDJPY.s,154.244,154.274,0.030000000000001137,0,1769462124230
2026-01-27 04:15:24,USDJPY.s,154.242,154.272,0.030000000000001137,0,1769462124387
2026-01-27 04:15:24,USDJPY.s,154.242,154.272,0.030000000000001137,0,1769462124387
2026-01-27 04:15:24,USDJPY.s,154.242,154.272,0.030000000000001137,0,1769462124387
2026-01-27 04:15:24,USDJPY.s,154.242,154.272,0.030000000000001137,0,1769462124387
2026-01-27 04:15:26,USDJPY.s,154.242,154.272,0.030000000000001137,0,1769462126918
2026-01-27 04:15:26,USDJPY.s,154.242,154.272,0.030000000000001137,0,1769462126918
2026-01-27 04:15:26,USDJPY.s,154.242,154.272,0.030000000000001137,0,1769462126918
2026-01-27 04:15:28,USDJPY.s,154.243,154.273,0.030000000000001137,0,1769462128788
2026-01-27 04:15:28,USDJPY.s,154.243,154.273,0.030000000000001137,0,1769462128788
2026-01-27 04:15:29,USDJPY.s,154.242,154.272,0.030000000000001137,0,1769462129934
2026-01-27 04:15:29,USDJPY.s,154.242,154.272,0.030000000000001137,0,1769462129934
2026-01-27 04:15:31,USDJPY.s,154.242,154.272,0.030000000000001137,0,1769462131022
2026-01-27 04:15:31,USDJPY.s,154.242,154.272,0.030000000000001137,0,1769462131022
2026-01-27 04:15:31,USDJPY.s,154.242,154.272,0.030000000000001137,0,1769462131022
2026-01-27 04:15:31,USDJPY.s,154.242,154.272,0.030000000000001137,0,1769462131022
2026-01-27 04:15:31,USDJPY.s,154.242,154.272,0.030000000000001137,0,1769462131022
2026-01-27 04:15:31,USDJPY.s,154.242,154.272,0.030000000000001137,0,1769462131022
2026-01-27 04:15:31,USDJPY.s,154.242,154.272,0.030000000000001137,0,1769462131022
2026-01-27 04:15:34,USDJPY.s,154.241,154.271,0.029999999999972715,0,1769462134810
2026-01-27 04:15:34,USDJPY.s,154.241,154.271,0.029999999999972715,0,1769462134810
2026-01-27 04:15:36,USDJPY.s,154.242,154.272,0.030000000000001137,0,1769462136004
2026-01-27 04:15:36,USDJPY.s,154.242,154.272,0.030000000000001137,0,1769462136004
